2742 4846
195 289 313 382 'td
348 367 354 370 .
507 283 1034 408 u.usnor1ucr1n1ru‘t

328 423 337 437 ι
608 413 616 440 l
1216 425 1222 440 s

244 467 372 547 'Pullius
384 486 507 548 tautum
526 471 672 540 intulisse
694 463 896 564 eloquentiae
917 479 1046 564 lumen,
1072 465 1166 574 quod
1183 483 1297 548 iubos

145 607 161 641 ·.
244 603 367 667 quoquc
382 578 557 644 studiorum
572 590 719 670 secessus
739 585 893 648 excurrit.
944 582 1030 648 Nam
1054 585 1201 668 sipobis
1221 585 1299 652 sola

133 699 151 742 κ
244 685 381 748 materia
394 683 550 755 fueritex
566 679 686 764 litibus,
713 680 845 750 necesso
872 687 1107 753 osttdeteratnr
1126 685 1237 774 fulgor
1264 703 1302 752 et

110 858 117 868 ‚
245 789 395 852 durescat
415 783 569 849 articulus
595 788 720 872 etipse
740 781 799 852 ille
822 795 932 856 tubero
959 792 1084 877 ingenii
1106 792 1299 878 quotidiana

82 873 84 881 '
225 874 598 976 *pugna-retundatur„
959 884 962 888 ’
1074 933 1080 947 .

193 1011 227 1066 17
256 1039 259 1046 ·
348 989 699 1078 Sedquemadmodum
712 991 895 1059 forensibus
916 985 1144 1062 certaminibus
1169 999 1299 1062 excita-

245 1112 295 1190 ιφ
317 1110 349 1163 et
366 1097 457 1182 quasi
471 1091 648 1158 militantes
662 1081 767 1160 reiicit
783 1118 822 1161 ac
833 1103 964 1184 repar'at
980 1097 1063 1184 haec
1078 1097 1167 1180 uelut
1179 1103 1302 1186 regine

245 1198 390 1265 dicendi:
416 1198 463 1264 sic
476 1193 698 1267 adolescentes
709 1219 775 1264 non
787 1195 907 1266 debent
919 1192 1053 1268 uim'ium
1077 1205 1113 1266 in
1132 1200 1230 1267 falsa
1244 1223 1300 1266 re-

226 1287 316 1368 ‘rum
343 1303 487 1386 imagine
522 1299 660 1366 detineri
688 1315 721 1366 ot
752 1301 903 1368 inanibus
928 1321 964 1370 se
986 1301 1177 1381 smnulacris
1192 1325 1301 1391 usque

170 1465 174 1480 ,
246 1408 341 1487 adeo,
366 1418 403 1470 ut
416 1401 556 1471 difficilis
574 1399 616 1466 ab
628 1401 680 1473 his
697 1404 859 1490 digressus
873 1406 927 1487 rit,
952 1409 1169 1490 assuefacere,
1194 1427 1242 1476 nc
1258 1407 1302 1472 ab

244 1489 325 1586 illa‘,
347 1511 382 1572 in
398 1525 584 1595 que,prope
604 1511 832 1578 consenuerint
854 1509 985 1587 umbra,
1010 1533 1090 1578 vera
1106 1501 1302 1576 discrimina

123 1699 129 1707 ¹
191 1623 226 1693 1'3
244 1611 333 1680 uelat
349 1610 510 1699 quendam
526 1607 630 1678 solem
644 1608 864 1678 reformident.
905 1609 1002 1690 Quot
1018 1613 1177 1684 eccidisse
1192 1616 1297 1679 etiam

281 1851 284 1854 .
305 1805 340 1875 ἦ,
363 1804 412 1858 17.
446 1799 614 1856 exercitator.
628 1801 666 1856 el.
680 1801 818 1860 cummim.
851 1805 948 1876 camp.
962 1807 1110 1876 praeeunt.
1121 1805 1209 1862 Codd.
1226 1803 1302 1858 Tur.

244 1875 324 1938 Flor.
340 1871 436 1942 Guelfi
448 1890 471 1926 c.
484 1873 589 1940 tirtel.
621 1873 693 1940 Quid
709 1861 827 1931 ctiussae
840 1874 938 1944 fuerit,
949 1877 1024 1946 quod
1038 1877 1232 1946 posteriorum
1252 1891 1302 1928 ne·

108 1967 110 1978 =
134 1957 138 1963 ’
245 1961 294 1998 ruo
304 1947 387 1995 tanta
399 1943 523 2012 vestigia
533 1943 736 2018 ,presseritvel
750 1959 818 1996 usus
829 1945 942 1997 dicendi
955 1945 1112 2010 excusabit,
1123 1946 1203 1996 cuius
1219 1949 1301 1996 erat:

246 2009 445 2078 certaminibus,
462 2007 697 2076 bellarminum,
717 2013 758 2064 sic
772 2011 852 2066 Caes.
870 2012 905 2066 B.
916 2009 950 2069 G.
963 2013 1047 2078 Vlll,
1062 2013 1122 2066 25..
1144 2011 1300 2064 exercitata

247 2079 321 2134 bellic
331 2079 418 2149 regio,
433 2080 546 2132 velmos
556 2078 738 2134 librariorum
772 2097 804 2134 er
819 2081 1016 2149 compendium
1028 2081 1171 2134 scribendi
1184 2079 1302 2132 ex’rr'tur

227 2149 229 2154 '
245 2153 266 2204 i.
279 2165 305 2202 e.
317 2147 460 2202 exercitus.
494 2145 539 2199 De
551 2159 607 2214 qua
619 2161 650 2200 re
664 2097 854 2203 consulendus
867 2144 1014 2204 Drakenb.
1027 2151 1063 2202 ed
1077 2150 1141 2202 hir.
1155 2150 1205 2212 39,
1223 2153 1254 2211 1,
1271 2149 1300 2204 5.

174 2233 176 2237 ⁴
246 2243 280 2260 υ-
298 2215 429 2288 insultu.
465 2219 599 2335 Campus.
622 2214 784 2292 omittitis.
816 2215 946 2287 Vtraque
963 2226 1107 2272 structura
1124 2214 1299 2270 latinorum

136 2297 139 2306 ¹
243 2292 302 2348 est,
315 2299 401 2338 sensu
411 2292 510 2339 'tamen
525 2283 672 2353 alquanto
686 2285 810 2339 diverso.
844 2287 889 2338 lta
902 2288 1034 2352 Quinctil,
1049 2286 1098 2350 lX,
1113 2288 1142 2350 2,
1157 2285 1206 2340 63.
1220 2285 1301 2340 ocuti

40 2409 45 2419 ‚
214 2387 219 2407 .
245 2351 414 2408 diuersorum
430 2360 642 2431 aspecturcrum
656 2351 746 2424 magis
760 2349 918 2411 detinentur.
959 2356 1018 2408 Cir.
1037 2355 1074 2408 ad
1094 2357 1120 2424 ξ.
1136 2341 1185 2408 il).
1202 2379 1238 2394 ⁶-
1270 2363 1300 2407 ut

155 2444 159 2454 ·
246 2422 276 2476 di
308 2419 368 2475 cilis
382 2421 415 2490 ub
426 2419 671 2492 lrisdigrerrurr'it.
688 2420 735 2476 lta
747 2421 840 2476 locunt
852 2419 1148 2478 restituitFrotscber.
1161 2439 1196 2476 ex
1204 2425 1300 2478 codd.

31 2547 34 2556 Ι
89 2539 94 2545 .
247 2499 278 2545 et
292 2492 372 2548 editt.
386 2495 491 2544 vetust.
522 2507 587 2544 uunr
601 2496 687 2544 antea
699 2493 846 2560 vulgatum
862 2499 953 2546 esset:
979 2493 1011 2544 ut
1021 2488 1132 2558 difficile
1146 2489 1179 2544 cb
1192 2487 1237 2544 tir
1259 2491 1299 2544 di·

163 2603 166 2608 .
202 2571 203 2575 ’
244 2573 355 2631 greum
368 2557 405 2612 tlt
418 2507 605 2620 csrrre'lbcem
626 2573 699 2630 quae
713 2572 881 2630 quamquam
896 2568 1027 2614 contorta
1041 2569 1071 2614 et
1087 2561 1233 2628 implicata
1254 2575 1301 2614 ra·

223 2676 225 2684 ,
246 2631 289 2683 tio
302 2621 414 2682 tantrlnr
425 2629 606 2705 auctoritatis
620 2635 704 2681 necta
717 2636 788 2694 erat,
806 2638 838 2681 ut
857 2645 893 2682 ne
913 2629 1059 2710 Spalding.
1099 2629 1194 2686 uidem
1216 2630 1299 2698 quid·

179 2751 184 2756 ,
268 2702 634 2754 ιιιιιινηιυῒανθοοηαηῒιιτ.
668 2646 1239 2768 Sediuo'timisirbrisestr‘digr‘errusr
1268 2699 1300 2750 in

276 2764 345 2818 uelf.
360 2779 422 2818 cunr
438 2781 493 2834 quo
508 2765 671 2830 conspirant
685 2763 776 2818 Puris.
794 2713 819 2818 lp.
834 2768 862 2818 2.
881 2767 910 2816 6.
927 2773 957 2818 et
968 2766 1061 2820 Ambr.
1079 2767 1110 2819 2.
1133 2781 1196 2818 cum
1210 2765 1300 2820 Goth.

147 2865 149 2872 =
248 2843 279 2888 et
293 2836 375 2889 Voss.
391 2833 420 2888 2.
436 2833 463 2886 3.
482 2831 620 2898 difficilisr
637 2834 667 2886 in
679 2835 749 2886 Tur.
764 2834 842 2888 Flor.
860 2834 932 2888 dim.
952 2832 1104 2900 difficilius.
1127 2834 1298 2904 Negotium

247 2903 334 2958 modo
347 2902 465 2956 facessit
476 2901 546 2954 illud
558 2901 745 2970 exsuffocare:
763 2901 839 2972 quod
853 2911 884 2954 ut
896 2909 1010 2971 aptaret
1021 2904 1149 3024 relipnee
1162 2900 1299 2966 orationi,

246 2971 412 3026 Frotscirer.
429 2968 726 3023 inscruitret'nrm'bur
741 2971 817 3023 inter
831 2977 861 3024 et
876 2967 1048 3024 simulacris:
1067 2974 1075 3024 i
1102 2973 1189 3024 -eniur
1211 2971 1299 3024 facile

245 3042 376 3111 potuisse
391 3039 547 3094 obliterari.
581 3038 709 3091 Similem
723 3055 810 3108 prope
823 3041 1014 3108 conditionem
1029 3042 1159 3109 reperies
1170 3039 1232 3095 Lir.
1244 3041 1300 3104 29,

249 3110 301 3174 32,
319 3109 348 3162 5.
383 3106 513 3176 Zumptio
530 3108 623 3176 magis
637 3107 760 3162 arridere
773 3123 969 3160 assuescere·
983 3110 1017 3162 ln
1036 3108 1127 3162 Basti.
1146 3109 1232 3161 detur
1253 3124 1298 3161 cs-

154 3201 179 3247 .‘
248 3193 296 3231 sue
318 3174 359 3229 crt’
374 3191 410 3229 ex
423 3177 587 3229 coniectura
603 3169 759 3236 Philendri.
791 3173 969 3248 Arruefacere
988 3180 1048 3246 ptri
1061 3179 1239 3246 potissimum
1253 3192 1300 3230 ca·

203 3307 205 3318 Ι
249 3259 294 3300 eur
306 3245 448 3314 iungatur,
465 3245 553 3297 tertio
565 3258 601 3295 an
615 3249 709 3309 sexto,
724 3249 754 3297 et
767 3259 853 3314 saepe
868 3245 984 3300 decerni
995 3263 1055 3314 uon
1069 3252 1165 3314 potest
1181 3253 1301 3314 propter

249 3315 464 3373 similitudinem
478 3314 645 3376 formarum,
658 3320 688 3366 et
700 3317 761 3381 ipsa
775 3316 901 3371 codicum
912 3315 1027 3368 varians
1047 3317 1189 3384 scriptura
1208 3316 1301 3385 suspi-

135 3407 138 3414 .
249 3385 362 3437 cionem
382 3387 477 3452 auget.
511 3381 644 3434 Attamen
664 3394 738 3450 quae
758 3384 849 3436 nostri
867 3381 924 3436 loci
943 3385 1087 3448 rationu,
1105 3383 1299 3454 satisliquet.

248 3449 312 3504 ianr
325 3467 404 3515 rero,
416 3453 440 3504 si
457 3451 526 3502 iicet
540 3451 588 3502 uni
599 3450 720 3502 alterive
734 3451 893 3507 sententiae
914 3452 1052 3522 calculum
1073 3451 1210 3516 adiicere,
1227 3451 1299 3504 nihil

249 3520 417 3574 mutandum
430 3533 549 3571 censeo:
567 3517 738 3590 mrutrsccer'r
755 3535 819 3572 esse
834 3527 963 3584 putesiet
975 3519 1120 3574 coluutott'r
1140 3527 1171 3572 et
1190 3536 1299 3573 conrue-

175 3612 177 3618 ’
197 3581 219 3638 .’
251 3587 352 3643 tudinis
366 3593 396 3642 et
408 3586 548 3639 socordiae
559 3588 752 3644 cuiusdam'ac
764 3583 930 3640 timiditatis:
949 3603 1032 3660 quant
1046 3605 1101 3658 quo
1113 3590 1246 3642 acerbius
1258 3591 1298 3641 iu·

251 3661 380 3713 iactetur
392 3655 536 3720 Quinctii,
553 3655 649 3710 dicere
663 3655 777 3709 meluitr
795 3670 823 3708 re
839 3655 1026 3728 urruffccere,
1046 3660 1091 3710 cui
1102 3657 1179 3710 inest
1198 3655 1298 3726 culpae

176 3740 179 3752 ’
251 3729 342 3790 notio,
359 3740 442 3795 quam
455 3738 615 3788 assuescere,
631 3725 707 3792 quod
718 3721 751 3776 tit
764 3741 830 3778 casu
847 3741 880 3778 uc
889 3726 1015 3779 fortuito.
1048 3727 1092 3780 lta
1105 3725 1161 3778 cic.
1169 3723 1251 3778 Brut.
1270 3730 1297 3779 2.

142 3827 149 3852 .
251 3791 440 3862 armapuibur
458 3807 499 3844 rne
519 3792 726 3866 arrueflcerom.
762 3793 886 3846 Nostrae
904 3795 1085 3864 explicationi
1106 3795 1152 3846 vel
1172 3796 1296 3860 maxime

250 3864 352 3918 favent
363 3869 422 3914 tunt
434 3862 595 3932 exemplum
609 3863 744 3928 allatum„
761 3869 820 3915 tum
834 3878 907 3933 quae
926 3864 1023 3934 paullo
1042 3864 1119 3916 intra
1139 3861 1299 3916 efferuntur

249 3935 414 4003 praecepta.
511 3951 519 3972 x
875 3989 884 4026 N
1168 3999 1172 4012 .

251 4040 256 4050 ¹
319 4031 416 4099 §.18⁸
449 4026 530 4080 edam
540 4025 648 4083 Porcio.
675 4027 767 4092 Quum
780 4029 867 4087 codd.
882 4029 951 4082 Tur.
962 4029 1038 4081 Flor.
1052 4030 1191 4081 insertum
1204 4033 1298 4082 orten-

251 4105 316 4152 tent
331 4099 371 4156 in.
389 4096 533 4164 Spalding,
547 4098 620 4154 bene
632 4112 739 4165 gnarus
751 4099 932 4152 librariorum
951 4099 1068 4166 ingenii,
1088 4100 1211 4149 coniecit
1222 4101 1296 4152 ecri-

250 4175 331 4236 ptum
347 4166 570 4234 luisseaprima
582 4180 682 4218 mauu:
707 4161 746 4218 M.
771 4169 963 4234 praenominis
984 4168 1110 4232 signum:
1136 4167 1248 4218 scilicet
1267 4165 1295 4217 id

250 4238 337 4292 facile
350 4236 482 4303 intercipi
493 4237 587 4303 potuit
597 4234 633 4287 ab
647 4234 832 4296 antecedenti
844 4237 945 4302 litera,
967 4236 1137 4304 pracsertim
1156 4249 1241 4304 quent
1265 4236 1295 4288 in

233 4375 249 4404 Ν
277 4396 279 4402 .
353 4393 355 4404 .
