2808 4846
1067 361 1138 408 xvn

89 527 211 597 corpur
232 500 446 590 complacebat
466 499 620 588 partubus
642 487 801 570 contineri
823 481 1065 594 annuncietur,
1060 537 1138 602 qua-

53 633 164 678 rum
186 627 409 695 unaquaeque
432 613 529 671 ctiam
546 625 612 696 per
634 627 669 671 te
692 619 848 694 ιριιιιιιιι
861 611 1009 680 absolata
1031 628 1084 715 ιιι
1103 629 1140 684 ct
1241 582 1250 708 ,Ι
1339 587 1342 594 ‚

81 715 258 810 perfectu,
279 711 432 797 quoniam
446 711 480 774 in
497 707 634 795 singulis
649 710 798 796 singulae
812 727 988 784 tractantur
1003 709 1068 800 res,
1078 719 1156 786 sua‘

87 821 206 903 cuique
222 815 415 926 proposita
406 827 456 876 est
471 814 621 878 materia:
643 815 764 880 etenim
783 813 839 882 ubi
855 818 920 892 tale
933 823 1008 907 quid
1023 824 1137 889 incidit

86 941 228 988 caussae
253 916 307 987 vel
324 901 543 993 acrimonte,
566 918 734 1001 pluralem
754 939 917 1014 aurearum
940 923 981 989 ab
1004 929 1136 1012 optimis

85 1019 278 1090 auctoribus
310 1034 498 1122 usurpatum
527 1017 616 1106 legi,
642 1041 705 1104 quo
738 1008 961 1110 significentur
989 1031 1137 1096 eiusdem

83 1129 224 1216 generis
241 1121 292 1191 vel
307 1125 467 1211 propositi
473 1099 639 1209 singulae
657 1137 785 1210 partes,
812 1149 878 1220 uuo
901 1152 1035 1217 corpore
1060 1153 1136 1200 eon-

61 1239 63 1252 '
83 1230 213 1298 clusae.
253 1227 423 1302 Habemus
438 1228 620 1292 sementina
634 1215 764 1293 norbae
772 1209 978 1299 'documenta
990 1240 1136 1302 maxima

82 1334 189 1415 haec,
204 1321 303 1420 quod
322 1328 496 1396 Sallustii
488 1325 781 1396 commemorantur
799 1331 1020 1404 asianarum
1040 1341 1135 1426 Libri

83 1435 156 1513 V;1
182 1435 283 1501 Plinii
305 1435 441 1504 maioris
461 1431 626 1500 ΒιΙΙιιιιιι
642 1421 844 1504 Germaniae
865 1407 954 1520 XX;
978 1441 1136 1510 Naturae
1208 1515 1214 1532 ,

84 1541 311 1608 Heraeorum
325 1533 508 1602 XXXVII.
527 1537 579 1602 cai
593 1557 659 1604 nou
678 1533 786 1604 obstat
801 1519 883 1604 illud
909 1545 993 1636 quod
1020 1545 1095 1610 Vetl
1067 1549 1141 1629 lleji

48 1679 51 1685 ·
86 1644 183 1730 operi
215 1643 403 1730 impositum
434 1627 554 1726 legitur
590 1660 728 1706 nomen.
763 1635 933 1712 Ηιιιιιιιιι
967 1648 1168 1717 Romanurn
1219 1653 1222 1656 ’

84 1745 186 1814 Libri
203 1743 248 1812 ll.
300 1741 386 1808 Nam
407 1745 463 1830 qui
485 1741 578 1806 baias
596 1742 818 1830 inscriptionis
835 1743 1058 1817 auctoriu'erit
1070 1773 1135 1818 non

84 1865 156 1916 tam
172 1861 315 1929 constat,
339 1867 435 1934 quam
459 1843 549 1911 aliud
569 1841 701 1930 Vallajo
715 1849 818 1914 luisse
832 1845 1005 1924 consilium
1018 1866 1136 1941 propo-

87 1958 252 2041 situmque,
272 1973 293 2014 a
312 1950 446 2038 reliquii
470 1949 634 2031 divorsum
666 1949 810 2036 apparet.
868 1949 978 2030 Quare
1006 1961 1054 2022 ita
1083 1976 1136 2026 ma

8 2061 10 2146 J
86 2071 164 2126 mea
184 2057 296 2141 opinio
315 2056 397 2132 fert,
424 2064 466 2118 at
481 2073 563 2137 opas
589 2048 862 2127 Quinctilianeum
890 2055 1135 2128 inscribendum

8 2177 9 2208 ³
90 2181 165 2225 assa
178 2177 329 2224 cannam
345 2169 400 2220 aut
421 2154 463 2220 de
481 2155 691 2240 laetantum
707 2156 864 2222 Oratart'a
877 2157 971 2224 Libri
986 2159 1056 2225 XII
1079 2178 1159 2228 aut·
1209 2219 1213 2230 ,
1249 2243 1253 2250 ι

8 2305 9 2314 1
94 2237 331 2357 Ιιιιιιιιιιιιιιιιιιι
354 2259 461 2326 Orati
485 2229 585 2322 mua
607 2256 705 2338 XII,
734 2253 794 2321 illo
818 2265 949 2328 nomine
965 2266 1013 2328 ita
1029 2265 1136 2352 expli-

7 2409 8 2452 ι
92 2350 182 2445 cato,
215 2377 249 2429 nt
267 2367 333 2429 inte
334 2360 476 2448 lligatur
487 2363 575 2426 ratio
596 2381 638 2425 aa
659 2366 715 2424 ota
737 2366 945 2444 ιἰιιιιιιιιιιιιις
971 2364 1034 2432 hoc
1056 2391 1133 2454 uero

90 2457 234 2535 sumatur
259 2468 390 2531 notione
413 2476 563 2530 concreta
582 2462 656 2530 de
645 2461 727 2548 ipsis
736 2475 928 2552 praeceptis
945 2489 983 2534 ae
996 2447 1151 2568 legebam
1265 2521 1271 2546 f

89 2570 206 2662 quibus
222 2583 331 2634 orator
344 2565 531 2654 per-taetus
520 2578 698 2632 restruatur
713 2585 854 2657 neeesse
871 2584 931 2634 est.

189 2673 257 2738 S'ed
271 2671 531 2739 baeobaetanus.
584 2665 696 2733 Unum
716 2671 801 2754 quod
816 2685 980 2757 superest,
1001 2689 1034 2740 et
1047 2675 1135 2762 quod

88 2778 123 2840 in
145 2779 239 2842 votis*
252 2775 377 2854 babeo,
407 2775 589 2866 ut-optim'is
606 2769 864 2838 adolescentibus
883 2774 946 2841 hoe
963 2799 1037 2842 meo
1053 2801 1136 2865 opu.
1235 2819 1237 2826 ι
1278 2765 1282 2772 ’

64 2877 179 2958 'scula
202 2878 324 2966 aliquid
345 2875 479 2944 allatum
499 2879 542 2940 sit
568 2873 857 2942 bonesti.subsidii
880 2891 912 2943 et
928 2871 1135 2968 eucitamemi

89 2983 131 3046 ad
144 2978 307 3052 'laetiores
329 2982 505 3068 capiendos
526 2983 690 3071 proiectus
720 2991 762 3044 et·
775 2983 811 3044 in
837 2978 942 3050 literis
974 2982 1136 3054 Romanis

85 3107 297 3178 progressus,
323 3085 360 3150 id
379 3105 444 3176 nan
467 3099 532 3150 tam
554 3085 588 3148 in
603 3080 726 3148 viribus
742 3080 893 3150 humanis
907 3106 1012 3171 nequa
1026 3089 1061 3154 in
1076 3110 1135 3152 vo·
1198 3119 1201 3131 s

85 3189 211 3255 lentate
246 3202 300 3256 aut
322 3188 446 3268 stadio,
474 3187 678 3278 quantumvis
708 3188 864 3252 acerrimo
890 3190 1052 3273 positum·
1064 3205 1133 3256 est:
1210 3207 1215 3230 ¹
1307 3207 1312 3216 ’
1373 3202 1386 3216 “

87 3291 174 3357 aliae
188 3313 343 3380 eaeque
324 3291 496 3358 admodum
511 3288 650 3355 mobiles
669 3302 702 3353 et
721 3290 943 3356 inconstantes
965 3286 1135 3359 bominum
1232 3357 1234 3365 ,
1268 3357 1289 3374 ,-

85 3398 121 3459 in
140 3417 201 3460 nos
216 3391 462 3462 benevolentiae
477 3416 515 3460 ac
527 3396 651 3461 lavaris
666 3404 741 3463 sunt
758 3394 977 3461 conditiones:
1002 3417 1084 3482 quae
1102 3413 1137 3464 nt
1229 3451 1246 3463 ,,

86 3495 186 3564 ιιοιιιι
200 3515 233 3564 at
244 3501 282 3566 in
294 3512 461 3586 posteram
473 3483 787 3574 foranturseouudaa
801 3510 837 3560 et
850 3517 1036 3584 prosperae,
1048 3521 1135 3564 sam-

85 3601 285 3670 mamillam
300 3599 575 3666 aclirmissimum
599 3620 707 3666 rerum
727 3596 943 3682 humanarum
964 3622 1135 3687 precamur
1167 3583 1211 3644 —'
1253 3651 1257 3658 .

84 3718 226 3771 tutorem
241 3720 273 3770 at
283 3703 552 3792 gubernatorem.¹
569 3705 697 3771 Etenim
712 3703 866 3789 quidquid
881 3703 998 3769 studiis
1011 3709 1134 3770 nostris

86 3808 131 3873 ad
160 3813 358 3874 iuventutem
379 3809 604 3895 edocendam,
629 3802 875 3871 instituendam
891 3806 1133 3890 contulerimus,

86 3910 164 3975 inde
187 3931 270 3976 non
277 3933 394 3976 nomen
418 3925 473 3978 aut
496 3913 618 3976 lamam
641 3911 811 3995 petiimas,·
844 3913 983 3994 optatius
1008 3913 1070 3976 luit
1093 3913 1135 3982 ad
1189 3915 1191 3922 ⁴

86 4027 177 4078 recta
199 4013 403 4106 tendentibus
425 4007 674 4110 adolescentulis
696 4025 729 4076 et
748 4009 877 4098 quibus·
873 4013 1048 4079 materalis
1065 4018 1136 4101 qni-

27 4111 35 4116 “
87 4117 163 4182 dam
187 4099 316 4183 virtutis
338 4139 430 4184 amor
447 4140 486 4182 ac
504 4113 668 4183 literarum
692 4118 726 4178 in
741 4112 940 4212 medulliset
954 4115 1135 4210 uisceribus

88 4219 218 4286 delixae
233 4219 409 4303 insideret,
435 4211 657 4309 exemplam
646 4220 874 4316 proposuisse,
895 4232 934 4283 ct
951 4223 1005 4308 qai
1021 4236 1135 4342 nattua
1181 4272 1184 4280 ,

870 4334 891 4402 b
964 4391 968 4396 .
