2808 4846
219 334 492 408 rusrrrvrr.
515 333 649 386 onir.
675 337 761 396 nra.
784 339 819 388 x.
843 341 932 392 cnr.
953 342 998 394 11.
1078 321 1128 398 49

181 521 242 588 IV.
274 521 312 588 Id
333 544 457 610 quoque
475 526 656 604 vitandum,
682 528 717 594 in
730 539 792 613 quo
806 549 1017 618 magnopere
1031 551 1127 614 errat,

64 648 114 690 ne
132 629 171 690 in
188 628 332 694 oratione
345 639 459 711 poetas
472 627 567 694 nobis
588 645 620 694 et
633 609 820 712 trisoricus,
845 635 880 700 in
893 633 961 700 illis
975 636 1127 722 operibus

66 737 229 794 oratores
251 744 306 794 sut
319 729 553 816 declamatores
567 733 742 799 imitandos
761 749 921 825 putemus.
970 737 1038 804 Sua
1059 736 1125 806 cui·
1141 763 1178 820 22
1225 743 1229 757 ’

68 855 139 920 qne
165 833 332 918 proposita
350 831 428 914 lex,
457 853 532 902 suus
545 836 667 936 'otique
683 836 782 904 decor
804 854 862 906 esti
912 837 999 907 Nam
1021 819 1125 932 deque
1181 923 1191 935 ἐ
1282 891 1286 900 ·

68 935 252 1028 comoedia
266 937 301 1000 in
317 934 485 1002 cothurnos
498 942 638 1025 assurgit
655 961 717 1006 uec
737 956 849 1007 contra
868 945 1037 1031 tragoedia
1051 969 1124 1014 eoc-

70 1037 151 1106 culo
174 1039 363 1126 ingreditur.
415 1038 526 1114 Habet
544 1055 654 1108 tarnen
675 1045 779 1108 onmis
799 1041 982 1133 eloquentia
1002 1024 1164 1138 reliquid·x
1272 1131 1275 1144 ¹

69 1163 265 1208 commune:
302 1143 464 1208 imitemur
494 1145 578 1230 quod
610 1165 779 1212 commune
808 1162 869 1214 est.
932 1150 1041 1218 Etiam
1061 1152 1124 1220 boc
1140 1166 1196 1222 tur

70 1245 162 1312 solet
176 1242 374 1312 incommodi
387 1246 534 1314 occidere
548 1250 606 1330 eis,
626 1252 680 1335 qui
692 1271 728 1315 se
741 1253 797 1315 uni
821 1249 919 1317 alicui
932 1259 1046 1342 generi
1066 1257 1124 1322 de·
1154 1295 1156 1302 ·

71 1395 160 1460 editt.
194 1402 525 1476 Vulgariiloruur.0bu
537 1407 625 1461 Gesn.
659 1407 706 1462 Sic
719 1411 802 1464 Caes.
815 1411 964 1479 ecrit,
983 1416 1033 1470 eo.
1051 1432 1121 1486 prot
1172 1393 1220 1438 'l'
1332 1426 1335 1434 “

67 1490 180 1543 paucos
194 1491 264 1532 ruer.
287 1476 399 1544 vulgar.
414 1477 480 1530 lect.
497 1492 618 1529 suorum.
650 1478 709 1530 cfr.
718 1479 802 1532 Kritz
814 1479 993 1540 adscibere.
1004 1485 1033 1543 3.
1048 1493 1124 1540 extr.

146 1547 174 1614 ς.
199 1545 249 1596 22.
266 1541 338 1596 Nam
356 1560 441 1612 neque
460 1545 596 1598 comoedia
613 1544 643 1598 iu
654 1545 799 1604 cethuram
817 1550 949 1620 auurgit.
974 1552 1019 1606 Ne
1039 1556 1124 1608 multi

73 1613 169 1665 simus
183 1615 212 1664 in
233 1613 417 1665 recensendis
435 1614 520 1668 viror.
534 1614 643 1667 doctor.
656 1617 852 1682 opinionibus,
870 1621 990 1688 primurn
1001 1622 1124 1676 adnota-
1231 1651 1243 1664 ·

72 1697 159 1745 nius,
184 1679 330 1750 Spalding.
348 1683 498 1736 mariarum
518 1691 628 1754 partem
651 1699 686 1736 er
705 1686 871 1740 coniectura
892 1688 985 1742 locum
1004 1689 1046 1744 its
1058 1707 1124 1743 eon·

73 1751 208 1802 stitnisse
227 1757 260 1801 ut
282 1749 496 1803 insereremur
516 1766 583 1804 com.
602 1767 656 1806 nou
667 1749 806 1806 cothurnis
824 1756 962 1826 assurgit5
979 1765 1010 1811 at
1021 1775 1123 1814 omnes

74 1817 166 1872 eodo.
187 1824 217 1870 et
236 1817 317 1871 editt.
338 1825 474 1888 quantuni
493 1821 614 1883 scimus,
637 1827 754 1888 praeter
778 1823 848 1876 Tur.
869 1823 948 1890 Elor.
974 1833 1004 1880 et
1023 1828 1121 1896 Camp-

73 1894 196 1940 tuentnr
216 1883 370 1938 cordurum.
410 1887 523 1942 Deinde
543 1903 594 1956 pro
611 1889 718 1940 soeculo
724 1927 733 1954 ,
757 1891 832 1957 quod
847 1899 892 1944 est
903 1893 1017 1948 in‘l'nr.
1030 1902 1061 1948 et
1072 1900 1124 1948 Ar·
1210 1915 1212 1926 ·

25 2011 27 2024 ‚
73 1961 275 2024 gentoratens.
300 1953 368 2006 Obr.
394 1955 498 2024 reliqui
523 1955 606 2008 dantr
629 1972 717 2010 rocco.
758 1958 848 2012 Porro
868 1959 999 2013 Frotscb.
1022 1977 1123 2015 veram

71 2023 229 2076 lectionem
250 2038 316 2090 esse
334 2025 460 2076 censuit:
483 2039 552 2076 com.
579 2026 642 2088 (iu)
663 2023 800 2078 rotdurrrr‘e
818 2026 954 2096 assurgit,
968 2031 1010 2082 itu
1021 2037 1052 2082 nt
1064 2046 1123 2083 non

75 2086 344 2154 multnnr'abessot,
367 2095 433 2160 quin
449 2095 562 2146 exulem
578 2093 687 2146 iaceret
716 2096 968 2162 praepositionem.
1013 2098 1124 2153 Verum

74 2169 107 2212 ut
124 2161 277 2212 adsensum
298 2159 496 2213 cobiberonxus
517 2161 629 2228 impulit
647 2167 706 2213 tum
720 2163 904 2229 plurimorum
916 2164 1053 2219 librorum
1066 2177 1123 2220 ext·

76 2231 209 2291 cionitas,
227 2236 285 2280 tum
306 2243 379 2298 qnae
391 2229 557 2282 *innumeris
577 2229 649 2282 loeis
663 2230 777 2282 detecta
792 2237 837 2282 est
849 2231 997 2286 literarum
1011 2249 1123 2302 permu·
1143 2247 1146 2251 '
1177 2293 1179 2300 ¹

76 2300 164 2361 tatio,
184 2302 346 2364 postremo,
371 2298 445 2365 quod
459 2313 598 2349 summum
613 2304 671 2361 est,
690 2300 753 2364 ipsa
765 2299 845 2352 verbi
865 2314 1011 2371 assurgere
1023 2305 1121 2357 notio:

77 2381 149 2435 quae
171 2381 254 2434 quum
270 2365 408 2418 eiusmodi
421 2368 474 2430 sit,
493 2373 525 2419 ut
538 2367 767 2434 vel'simpliciter
779 2367 896 2420 verbum
911 2379 1047 2436 ponatur,
1063 2373 1121 2440 rei,
1146 2379 1148 2386 ’

71 2436 123 2486 'nbi
143 2433 258 2494 additur
276 2436 356 2502 regio
378 2450 401 2484 s.
420 2450 503 2510 persp,
528 2450 590 2504 quo
603 2436 666 2502 quis
686 2436 863 2507 assurgendo
877 2439 982 2500 tendit,
1001 2455 1121 2508 praepo·

25 2527 27 2538 r
76 2505 142 2554 sitio
154 2501 184 2554 in
198 2505 330 2568 sequenti
345 2503 508 2554 Accusatiro
525 2510 692 2569 usurpetur,
711 2509 787 2556 tutus
806 2501 852 2555 hic
864 2504 942 2558 locus
955 2505 1027 2558 nibil
1040 2507 1121 2562 dubi-

76 2572 194 2623 tationis
209 2567 314 2622 babere
328 2566 448 2634 videtur,
464 2573 531 2638 quin
545 2586 642 2622 rerum
657 2581 691 2621 ae
705 2573 858 2638 genuinum
872 2589 937 2627 esse
949 2582 1119 2634 statuamus.
1225 2607 1233 2622 .

76 2641 120 2692 lta
132 2639 224 2715 'lacit
237 2639 312 2690 llist.
325 2637 375 2700 lV,
395 2637 445 2692 23.
464 2639 502 2693 in.
539 2637 611 2718 Pars
628 2647 796 2720 carnorum,
813 2639 842 2692 iu
857 2641 950 2694 coliem
964 2641 1059 2696 leniter
1077 2661 1121 2697 as·
1192 2635 1201 2656 ⁸

75 2703 1120 2851 {stetteilfif'iilqild,rritttlttti'glt’ltt‚detriti
1224 2739 1229 2748 ’

77 2849 217 2898 actionum
229 2860 263 2896 ac
275 2858 459 2911 personarum
474 2845 562 2896 rebrti
578 2845 777 2915 discrepantia,
793 2861 911 2914 quarum
923 2849 1017 2906 altera
1029 2847 1119 2902 humi·

76 2915 156 2967 lieris
171 2913 339 2965 conditionis
352 2912 388 2965 ad
402 2913 506 2964 altiora
519 2913 674 2965 escendere
687 2911 814 2980 fingitur,
830 2913 923 2966 altera
934 2916 1039 2970 illustri
1053 2919 1118 2972 loco

78 2967 389 3034 natamrdidorestltu
407 2980 521 3032 incedit.
554 2981 623 3034 ldeo
640 2982 725 3033 etiam
741 2981 845 3034 dicitur
860 2998 1006 3053 assurgere
1021 2983 1051 3036 iu
1073 3004 1117 3039 co·
1154 3039 1160 3051 ,

79 3050 195 3103 eburnos.
231 3052 363 3101 Ceterum
382 3049 418 3100 de
436 3055 579 3102 structura
593 3050 693 3102 eadem
713 3049 774 3102 iere
793 3050 868 3104 solet
885 3067 949 3104 esse
968 3055 1054 3105 viror.
1068 3054 1116 3112 dd.

77 3119 244 3187 disceptatio
257 3118 304 3168 ubi
319 3119 474 3186 quaeritur,
493 3115 560 3186 qnid
574 3120 680 3169 rectius
692 3116 814 3170 babenti
835 3135 980 3186 exponere
1001 3120 1030 3173 in
1041 3129 1118 3176 terra

80 3205 114 3240 an
128 3185 156 3239 ire
177 3196 286 3238 terram.
320 3186 377 3240 Gir.
397 3185 613 3252 interprettrad
624 3189 707 3238 caes.
718 3185 751 3238 B.
764 3189 793 3242 C.
806 3185 854 3247 111,
870 3187 919 3242 2³.
933 3187 1000 3244 loo.
1021 3189 1117 3246 Ratio·

79 3257 252 3320 nantillam,
273 3269 356 3324 qnam
376 3253 412 3308 ad
435 3269 509 3306 vers.
525 3269 653 3322 germen.
677 3255 791 3322 p..ldl.
814 3255 940 3324 pluribus
958 3257 1117 3317 defendere

79 3325 170 3377 conati
185 3337 297 3386 surinus,
313 3337 387 3374 nunc
399 3322 512 3390 quidem
537 3339 592 3376 non
615 3329 672 3375 tam
692 3336 897 3390 aspernamur,
916 3340 1000 3393 quam
1017 3321 1116 3396 utiquo

79 3393 259 3445 infirmiorem
275 3394 388 3442 missurn
402 3393 529 3443 l'ecimusr
543 3423 573 3432 -
586 3389 676 3443 Habet
684 3399 783 3442 tamen.
818 3391 954 3460 lnCamp.
970 3391 1033 3446 tao.
1044 3393 1116 3448 enim

79 3463 154 3516 Fieri
170 3462 261 3528 potuit
272 3461 426 3513 descensus
440 3475 491 3527 per
503 3457 554 3512 lms
565 3461 652 3514 veluti
666 3461 789 3527 gradus:
806 3465 895 3512 tomen
907 3477 1116 3528 saepenumero
1172 3505 1176 3512 .

82 3531 300 3584 commutabatur
311 3531 340 3580 in
353 3537 425 3587 turn,·
444 3524 518 3580 unde
532 3529 672 3597 quomodo
686 3530 811 3592 existere
830 3531 923 3598 putuit
940 3529 1011 3586 enin
1028 3532 1118 3588 adnue

81 3601 151 3652 tavit
169 3597 293 3664 Bentley
311 3597 347 3649 ad
368 3598 470 3649 Horat.
482 3595 566 3648 Satir.
581 3598 620 3668 ΙΙἰ
631 3597 658 3662 3,
677 3596 744 3651 132.
780 3597 839 3652 scil.
851 3596 924 3664 euim
936 3601 1116 3655 scribebatur

82 3674 158 3719 nota:
173 3670 209 3730 ie,
224 3681 257 3716 ac
270 3675 325 3717 tum
356 3681 388 3718 er
400 3665 438 3726 tu]
452 3665 526 3718 unde
540 3681 641 3735 saepe:
656 3673 764 3726 tamem·
778 3663 1115 3737 caturnicensem.

83 3736 138 3791 cn.
150 3732 267 3786 Daebne
285 3734 321 3785 ad
335 3681 368 3789 lt.
384 3735 414 3788 C.
429 3733 458 3796 1,
476 3734 527 3787 44.
693 3798 696 3806 ι
835 3793 839 3802 ,
863 3749 866 3756 ’

147 3807 171 3872 ξ.
194 3803 245 3856 23.
271 3800 318 3852 eir.
352 3801 457 3854 Similis
478 3816 568 3871 paene
586 3799 710 3852 conditio
729 3801 991 3872 ‘est-qnalissnpra
1036 3801 1115 3858 .lo.

65 3870 138 3936 ‚sen
149 3871 271 3925 nostrum
287 3868 403 3923 tuentur
412 3870 485 3929 flur.
502 3880 531 3922 et
542 3867 619 3922 Flore
635 3867 761 3936 Reliqui:
777 3869 812 3922 iis
818 3893 827 3934 ,-
844 3871 873 3922 in
883 3875 1006 3940 paucior,
1034 3869 1065 3920 ir.
1078 3901 1113 3914 -

85 3938 207 4009 otpert'tus
219 3937 262 3989 iis.
279 3939 316 3991 al.
328 3937 379 3991 dis.
400 3937 562 3991 ObnGesn.
580 3937 729 4004 etplnrimi
748 3941 849 4007 prior-r.
864 3967 892 3978 ι
904 3955 937 3992 uo
948 3937 1112 3998 iucurtditce.
1198 3955 1201 3968 *

84 4005 316 4069 circumditur.
353 4007 421 4059 Obr.
448 4005 537 4070 Gesn,
566 4001 701 4058 Nostrum
729 4005 798 4060 dant
821 4009 891 4063 'lun
916 4007 992 4063 Flor,
1013 4011 1112 4077 camp,

82 4072 1114 4144 Praetereaadiuvatipsailiareperitur,cuioppositaestiucundis-ein·
1198 4127 1205 4138 ,
1264 4119 1267 4126 .

81 4145 157 4215 gulis,
175 4145 211 4197 ul.
222 4142 363 4207 similibus,
375 4143 427 4197 sed
443 4159 503 4196 nna
516 4144 584 4199 edit.
604 4143 690 4199 Tarr.
708 4173 742 4184 -
761 4143 884 4197 dicenda
919 4147 1114 4214 Corruperunt

79 4216 181 4270 librarii
195 4221 282 4286 atque
295 4214 484 4292 effinxeruptz·
498 4211 593 4267 dicent.
628 4212 709 4268 ltain
720 4213 816 4266 multis
829 4213 910 4268 editt.
923 4215 991 4268 inde
1006 4213 1113 4269 alens.
1154 4267 1162 4282 Χ

747 4315 948 4409 .ὶ4’
