2808 4846
204 293 471 391 rus‘rrrvrr.
498 280 743 378 bannire,
769 287 808 362 ί.
832 311 924 362 car.
951 313 996 362 11.
1073 289 1122 364 ib
1158 313 1165 320 ·

59 467 227 544 futurarm,
251 467 280 530 si
295 457 391 531 nemci
405 465 478 552 plus
493 461 720 547 olfecissem,
737 487 833 553 quem
847 463 1058 553 sequebatur-l
1071 502 1124 520 --

28 603 31 612 ,
61 569 156 634 nihil
173 573 209 632 in
227 571 331 654 poetis
346 591 444 654 supra
460 569 588 636 Liuium
610 570 853 650 Andronicum,
878 568 958 634 nibil
975 573 1008 634 in
1022 567 1123 636 bisto-

63 675 129 738 riis
155 693 255 756 supra
269 651 624 758 Pontificumjummlee,
639 671 848 738 haberemus:
875 671 998 738 ratibus
1019 673 1123 738 adhuc

64 776 302 862 navigaretur:
329 797 393 840 non
413 789 499 841 esset
512 759 636 861 pictrlra
649 776 713 838 nisi
728 797 810 862 quae
828 774 933 840 lineas
949 776 1046 840 modo
1061 799 1123 842 ex·

66 893 199 944 tremas
214 876 366 959 umbrae,
395 901 489 964 quarn
507 899 641 964 corpora
656 880 691 942 in
706 877 776 944 sole
791 867 971 960 iecissent,¹
988 881 1123 946 circum-

68 981 244 1046 scriberet.
295 979 346 1046 Ao
361 983 390 1046 si
403 983 517 1048 narnia
530 989 742 1066 percenseas,
768 981 859 1046 nulla
873 983 916 1046 sit
931 1002 1004 1059 ars‚„
1018 979 1122 1068 qualis
1139 995 1157 1050 8
1264 1069 1267 1078 1

69 1088 210 1150 inuenta
231 1098 296 1164 est,
321 1107 382 1150 nec
398 1087 483 1151 intra
498 1086 627 1148 initium.
638 1087 741 1148 stetit:
765 1087 830 1149 nisi
845 1085 926 1149 forte
942 1100 1052 1150 nostra
1065 1107 1126 1172 po·

71 1189 237 1253 tissimum
259 1191 405 1272 tempora
428 1187 617 1265 damnamus
638 1186 732 1280 buius
751 1186 970 1270 infelicitatis,
992 1201 1026 1253 ut
1041 1211 1126 1254 nurm

72 1292 210 1354 deruum
225 1289 306 1356 nibil
321 1303 454 1356 crescat.
487 1287 578 1356 Nihil
593 1305 700 1357 autem
716 1293 831 1356 crescit
846 1288 918 1356 sola
932 1292 1124 1357 iurimtiene.

75 1393 208 1470 Quodsi
228 1392 388 1478 prioribus
412 1386 552 1460 adiicere
571 1391 623 1457 las
648 1408 794 1474 nonest,
819 1394 978 1480 quomodo
993 1417 1160 1486 sperare‘p

75 1519 250 1586 possumus
266 1495 359 1560 illum
375 1511 534 1561 oratorem
548 1497 744 1582 perfectum?
777 1518 872 1582 quum
896 1498 931 1560 in
955 1494 1024 1573 his,
1047 1520 1125 1585 quos
1171 1563 1174 1576 ,
1261 1495 1266 1518 ”

76 1592 253 1666 maximos
270 1592 374 1664 adhuc
392 1603 560 1680 novimus,
585 1621 682 1664 uento
700 1601 742 1662 sit
756 1583 922 1680 intentui,
947 1602 982 1663 in
999 1622 1059 1686 quo
1075 1603 1125 1676 iri·
1146 1593 1161 1664 ι’

76 1701 128 1768 hil
158 1717 215 1768 aut
239 1703 439 1770 desideretur
473 1720 527 1770 aot
549 1697 808 1786 reprehendatur.
837 1703 927 1788 ,sed
951 1705 1050 1768 etiarn
1071 1687 1128 1790 qui

79 1828 210 1872 summa
229 1827 295 1892 ¹uon
317 1820 467 1892 appetent
495 1806 686 1870 contendere
709 1808 931 1893 potiusquam
955 1809 1046 1892 sequi
1069 1807 1125 1870 de·
1167 1817 1169 1825 “

80 1909 169 1974 bont.
221 1905 377 1995 Namqui
393 1911 471 1996 agit,
497 1923 532 1972 ut
546 1911 635 1992 prior
649 1911 701 1987 sit,
725 1908 859 1972 forsitan
879 1912 1007 1993 etiamp
1019 1911 1047 1973 si
1061 1931 1126 1974 uon
1146 1935 1181 1990 10
1258 1903 1266 1969 1

81 2012 274 2108 transierit&
309 2011 469 2097 aequabit.
520 2002 603 2096 Eum
626 2031 703 2073 vero
731 2032 825 2074 nemo
847 2025 952 2096 potest
977 2033 1127 2097 aequare,
1234 2085 1238 2102 Ι
1270 2093 1273 2102 Α

83 2118 173 2180 cuius
189 2116 334 2200 vestigiis
351 2115 414 2182 sibi
429 2118 536 2201 utique
550 2112 762 2182 insistendum
775 2127 876 2200 putat.
917 2111 1062 2208 lb'eoesse
1079 2117 1133 2180 esi
1204 2110 1207 2116 '
1295 2181 1300 2195 .

85 2220 181 2282 enirm
194 2227 323 2302 semper
339 2220 384 2314 sit
400 2220 557 2303 posterior
573 2217 627 2303 qui
645 2217 796 2300 sequitur.
825 2294 832 2303 ἱ
847 2214 940 2281 Adde
959 2217 1043 2302 quod
1058 2216 1127 2302 ple·,
1239 2216 1241 2220 ⁴
1308 2275 1313 2286 ι
1376 2261 1378 2276 .

85 2337 215 2407 nanque
230 2319 420 2412 molliusest
435 2320 508 2408 plus
524 2320 633 2384 iacere
647 2337 743 2406 quam
759 2319 857 2383 idem.
885 2316 1026 2385 Teutam
1042 2325 1130 2389 enim

85 2422 304 2489 difficultatem
325 2421 424 2488 babet
448 2419 642 2503 similitudo,
667 2436 702 2486 ut
723 2444 764 2485 ne
777 2425 858 2506 ‘ipsa
875 2423 1003 2507 quidem
1016 2438 1157 2508 natura⁸
1208 2481 1217 2488 .

85 2530 119 2592 in
140 2526 201 2592 boo
222 2529 269 2592 its
294 2525 466 2604 evaluerit,
492 2540 527 2593 ut
551 2547 616 2591 non
635 2546 688 2588 res
708 2523 968 2611 simplicissimae
986 2549 1132 2613 quaeque

87 2707 137 2760 Cui
159 2705 282 2758 maxime
301 2704 332 2756 id
352 2704 444 2765 iavet,
470 2704 560 2776 quod,
586 2704 641 2756 nisi
664 2705 760 2756 omnia
780 2702 900 2768 fallunt,
924 2719 1020 2756 rursm
1037 2704 1132 2758 intell

90 2775 179 2826 veluti
202 2773 320 2826 exordio
336 2775 460 2842 positum
480 2773 678 2842 cunrouadam
691 2773 779 2824 animi
791 2787 825 2826 sc
836 2787 938 2825 sensus
952 2772 1133 2828 vehementia
1186 2785 1189 2790 ’

26 2883 28 2890 .
91 2843 194 2896 dictum
215 2843 339 2894 videtur.
368 2839 445 2892 'Nam
465 2849 560 2896 autern
583 2841 721 2910 particula
738 2855 787 2892 sae
809 2842 864 2893 ein
879 2841 1042 2907 parenthesi
1054 2843 1141 2894 adbi-l

88 2913 183 2964 betur:
208 2910 434 2980 statiminirai.
453 2911 570 2964 13.¹27.
589 2940 622 2968 -,
643 2909 777 2980 sapignre
807 2920 832 2962 t.
854 2911 899 2962 lta
911 2909 1006 2979 Spald.
1023 2927 1057 2969 ex
1073 2919 1133 2981 opt.
1196 2942 1199 2951 ι

91 2979 177 3035 codd.
191 2979 326 3048 vulgaris
341 2979 438 3032 lectio:
458 2977 658 3048 navigaremus.
938 3041 941 3046 Ι

158 3052 184 3117 ξ.
202 3051 230 3100 8.
262 3045 332 3099 nibil
351 3056 463 3100 crescat.
490 3048 680 3116 Transposuit
697 3046 786 3098 verba
802 3045 899 3114 Spald.
918 3053 982 3114 post
1000 3058 1064 3104 oum
1082 3047 1131 3100 Fr.

90 3117 141 3171 sed
156 3119 268 3169 ratione
289 3116 434 3184 aliquanto
453 3117 571 3169 leviore.
612 3117 712 3184 ltaque
734 3115 825 3167 satius
845 3115 994 3168 habuimus
1012 3131 1130 3169 serrare

90 3188 210 3257 priscum
237 3184 382 3249 ordinem,
412 3185 460 3253 qui
487 3187 610 3238 omnium
632 3193 678 3236 est
695 3184 784 3236 cond.
804 3183 912 3250 --l'po
931 3191 1020 3235 nutem
1041 3201 1130 3238 cresc.

26 3257 27 3260 ’
91 3255 177 3308 codd.
195 3268 279 3306 nostr.
294 3262 324 3306 et
338 3254 417 3308 editt.
436 3253 518 3306 dant:
536 3251 615 3303 enirn.
650 3252 722 3304 ltlud
741 3254 827 3320 longe
845 3252 1018 3304 firmioribus
1031 3255 1133 3306 nititur

94 3323 228 3386 testibus3
249 3331 335 3390 atque
350 3325 411 3374 eius
424 3335 491 3373 usus
504 3323 549 3374 vel
564 3322 686 3373 inarime
700 3327 744 3373 est
756 3329 815 3372 tum
830 3323 858 3372 in
872 3321 1052 3388 perstabam,
1072 3329 1132 3376 tum

92 3397 124 3447 in
140 3387 383 3445 obtrectationibus
396 3391 569 3452 subiunctis,
588 3403 707 3470 puerum
723 3390 848 3443 conditio
862 3405 897 3442 ea
910 3397 968 3454 est,
986 3397 1017 3442 ut
1031 3390 1134 3442 adsen-

93 3475 154 3514 sum
176 3460 277 3512 deesse
301 3475 355 3512 non
372 3473 456 3526 posse
479 3472 625 3528 ponamus.
667 3461 766 3528 ltaque
788 3460 926 3525 particula
946 3475 1001 3508 uon
1015 3467 1071 3510 tam
1089 3465 1134 3512 est

95 3527 254 3584 adamantini
270 3530 386 3596 generis
404 3541 486 3598 quum
501 3525 671 3598 ntiflrrnantir
687 3523 716 3579 et
727 3525 762 3578 ad
776 3527 923 3596 superioria
935 3527 1108 3580 adstruentis.

162 3598 224 3666 §.a
237 3595 314 3648 ilium
329 3603 471 3648 oratorem.
483 3596 632 3649 Mutarunt
647 3595 800 3664 pronomen
816 3597 859 3646 io:
873 3596 969 3648 otium.
982 3596 1055 3650 lens.
1065 3597 1142 3648 Obr.
1198 3621 1213 3636 ι

97 3672 127 3722 et
134 3669 233 3736 priorr.
242 3666 321 3717 multi
337 3665 500 3717 autessasil.
510 3671 539 3717 et
551 3679 603 3732 pro
611 3679 755 3732 possumus
767 3664 985 3718 substituerunt:
1001 3663 1136 3733 possimos
1223 3714 1238 3724 ,
1333 3697 1335 3708 .

96 3739 168 3789 lens.
184 3736 273 3803 etqui
292 3749 356 3786 eum
371 3735 471 3785 secuti.
483 3739 515 3775 -‘-
529 3730 558 3785 t'n
573 3732 624 3786 bis.
643 3734 691 3786 Sic
702 3733 798 3804 Spain.
817 3749 853 3786 ox
865 3735 934 3788 Tur.
949 3733 1026 3787 Flnr.
1038 3729 1134 3790 (tuen.

97 3804 220 3872 Reliqui:
240 3801 282 3856 iis.
302 3803 370 3854 Obr.
390 3802 478 3854 Geso.
512 3801 618 3856 Nostro
638 3805 702 3855 loco
722 3801 770 3854 vel
791 3805 921 3870 opposita
942 3805 1016 3858 ratio
1031 3819 1137 3871 prono-

99 3877 198 3928 minum
219 3869 296 3923 ilium
311 3901 344 3912 -
358 3868 399 3922 bis
421 3868 488 3940 quid
508 3887 607 3924 verum
626 3871 665 3924 sit
683 3870 787 3940 prodit.
807 3899 840 3922 s·
856 3877 989 3938 appetent.
1023 3873 1136 3926 Lectio-

100 3959 160 3994 nem
183 3955 218 3992 ex
237 3954 376 3993 consensu
395 3939 580 4008 complurium
597 3941 684 3992 Codd.
696 3941 931 4011 ¹nteliorisuntue
946 3941 1137 4008 quibusunne

101 4007 304 4076 adstipulantur
323 4008 415 4062 Paris.
436 4008 462 4060 l.
481 4011 509 4060 2.
525 4009 622 4062 Ambr.
637 4011 665 4060 2.
683 4010 792 4076 recepit
807 4009 934 4062 Fretseb.
947 4025 998 4076 pro
1010 4010 1136 4078 vulgari:

102 4085 230 4148 appetunt.
272 4073 387 4128 Scilicet
410 4076 483 4128 latet
503 4079 555 4131 strb
576 4079 627 4132 illo
645 4078 753 4132 Futuro
782 4079 875 4164 notio:
905 4094 988 4146 quem
1013 4077 1139 4140 deisonis
1238 4079 1242 4097 '

103 4155 130 4202 at
141 4144 229 4216 dtfifl'l
242 4143 348 4202 aninam
362 4153 388 4196 et
398 4145 531 4198 noluntas.
600 4151 605 4166 ¹

164 4219 189 4284 ὅ.
213 4214 262 4268 10.
280 4211 417 4288 moluerit.
437 4214 514 4268 lens.
532 4228 595 4268 cum
614 4213 696 4267 editt.
720 4218 842 4282 posterr.
860 4212 982 4270 salonit
1018 4215 1062 4274 lte
1076 4229 1138 4282 pes·-
1175 4228 1178 4232 ’
