2742 4846
596 254 601 284 i

263 301 367 369 80·
437 353 439 364 ,
521 293 1047 378 »immeritor-imum.

263 489 334 535 mus
347 469 522 554 sententias
547 468 702 555 quosdam
724 473 846 556 xedsquo
873 480 1038 542 versemus
1071 477 1169 558 quam
1196 496 1311 540 nume-

153 587 155 598 ’
183 605 186 612 ’
235 647 239 660 ¹
262 569 435 648 merissime.
461 553 549 638 v'elut
564 572 678 638 eudem
693 593 770 637 cera
791 574 825 644 iu
851 571 934 639 elius
961 585 1054 662 atque
1067 571 1162 641 ¹ullas
1184 579 1311 644 formas

214 677 337 758 loduci
362 675 455 740 solet.
504 673 693 754 Plurimum
702 673 808 752 autem
835 679 944 760 peruri
966 669 1129 744 facultatis
1154 683 1309 747 existimo

221 813 239 846 ,ι
263 802 308 844 ex
331 777 573 863 simplicissimo
598 799 722 866 quaque
742 781 901 874 rosierias
947 777 1034 848 Nam
1057 779 1117 846 illa
1136 783 1312 870 multiplici

258 893 491 968 personarum,
518 903 708 958 raucarum,
731 891 925 970 temperiem
950 885 1109 965 locorum,
1136 888 1310 970 dictorum,

257 988 426 1064 factorum
447 983 638 1050 diversitate
668 983 766 1049 facile
786 983 957 1071 ,deliresoet
970 981 1169 1078 'infirmitasj
1199 1002 1249 1054 tot
1275 1015 1310 1056 se

123 1161 126 1174 1
238 1087 241 1092 ’
261 1089 399 1175 undique
414 1083 519 1161 rebor,
544 1109 590 1151 ex
606 1085 718 1173 quibus
730 1065 876 1173 ‘aliquam
897 1088 1120 1174 apprehendas
1142 1094 1310 1158 offerenti-

114 1257 116 1262 ,
209 1198 243 1258 tt
261 1189 330 1256 bus.
379 1185 463 1254 Illud
475 1177 599 1254 virtutis
612 1191 766 1290 indicium
782 1205 839 1272 est,
854 1191 988 1257 fundere
1001 1215 1084 1280 quae
1098 1194 1310 1270 natura‘cou-

261 1314 364 1368 solent.
399 1313 505 1383 Nostra
521 1313 608 1368 lectio
627 1318 658 1367 et
675 1313 808 1368 editionis
834 1315 970 1384 (lampati.
992 1315 1051 1380 est,
1079 1322 1110 1376 et
1126 1317 1239 1388 aliquid
1263 1320 1310 1374 iit·

261 1383 526 1450 mamenti·accipit
543 1390 602 1434 tum
624 1398 642 1434 a
663 1383 750 1436 Codd.
768 1385 864 1436 'l'uric.
888 1385 917 1436 iu
943 1401 998 1454 quo
1023 1385 1172 1454 leguntur:
1196 1387 1230 1440 s'n
1251 1389 1309 1442 alia

261 1451 332 1504 alins
345 1450 515 1523 quaeforma
528 1452 712 1504 retentasse.
728 1469 765 1503 m.
779 1452 860 1513 solem
878 1458 938 1506 tum
956 1449 1065 1506 aFlor.
1084 1456 1160 1524 quod
1179 1453 1262 1510 certe
1280 1462 1309 1510 iu

263 1537 298 1574 eo
314 1531 371 1574 est:
390 1518 419 1572 r'n
433 1519 516 1584 alirn
535 1521 658 1588 denique
671 1522 788 1574 ubAlm.
803 1521 850 1573 ubi
866 1521 963 1574 datur:
985 1517 1019 1574 “t'n
1036 1521 1094 1575 alia
1107 1522 1235 1591 eliasque
1246 1527 1309 1598 for·

134 1635 143 1662 x
251 1605 329 1642 rmus.
364 1587 436 1642 Sunt
450 1596 600 1657 praeterea
612 1590 669 1642 alia
681 1591 817 1646 nonnulle
828 1597 1021 1659 argumenta,
1039 1608 1112 1662 quoe
1133 1609 1307 1648 enumcrare

259 1660 376 1727 longum
389 1667 447 1710 est:
465 1657 529 1709 ride
545 1674 562 1710 a
576 1659 657 1712 nobis
679 1659 815 1713 adnotatu
835 1659 871 1710 sd
888 1673 963 1711 vers.
987 1676 1015 1729 p.
1034 1661 1101 1714 179.
1121 1663 1170 1726 80.
1210 1661 1307 1731 Saepe

193 1743 197 1754 ’
260 1730 361 1780 eadem
377 1729 458 1794 primi
473 1732 503 1778 et
517 1729 592 1782 sexti
606 1739 689 1779 cesus
705 1729 798 1812 torma
817 1721 950 1780 librarios
969 1730 999 1781 in
1020 1745 1147 1783 errorem
1169 1729 1308 1796 deduxit3

253 1799 396 1918 ¹qqriqshrei
409 1811 477 1864 prae
489 1795 554 1848 aliis
566 1798 649 1849 testis
662 1803 709 1848 eat
722 1797 801 1850 locus
815 1798 910 1850 Taciti
928 1799 1024 1866 Agris.
1042 1795 1090 1851 10.
1102 1813 1130 1866 p.
1145 1795 1215 1852 183.
1237 1801 1307 1855 edit.

297 1881 370 1917 ac.

208 1928 233 1940 “’
327 1938 355 2004 5.
379 1933 426 1987 10.
458 1931 530 1988 Num
550 1931 608 1984 illa.
642 1934 807 1988 consensus
829 1932 959 1999 optimor.
983 1933 1071 1988 codd.
1095 1940 1213 2003 praeter
1236 1937 1308 1990 Tur.

87 2043 90 2058 .
259 2004 338 2060 Flor.
355 2001 452 2062 Guelf.
469 2005 643 2056 nuncetiam
661 2001 750 2054 Paris.
767 2003 793 2054 l.
807 2003 841 2054 2.
852 2000 881 2052 d.
900 2009 930 2053 et
944 2003 1021 2054 Anrb.
1036 2006 1065 2056 2.
1082 2004 1251 2074 quibuscum
1269 2006 1306 2058 iu-

109 2093 114 2102 ·
221 2101 224 2111 .
261 2077 339 2126 ciunt
357 2073 439 2124 editt.
456 2075 553 2138 Canrp.
572 2071 647 2123 lens.
665 2071 751 2122 Terv.
772 2078 801 2122 et
819 2068 900 2122 codd.
923 2069 1005 2125 Voss.
1026 2074 1051 2125 l.
1072 2077 1101 2131 2.
1120 2087 1211 2140 paene
1223 2073 1307 2142 uagi-

149 2149 153 2159 “
259 2151 323 2196 ture
343 2143 500 2206 videbatun
518 2141 591 2208 quod
611 2141 693 2192 stab
715 2155 766 2190 usu
785 2141 932 2207 scriptoris
949 2139 1160 2209 nonabborret‚
1175 2151 1205 2194 ut
1223 2149 1305 2196 omit·
1358 2139 1359 2144 ’

258 2219 386 2266 tercm‘us
404 2211 443 2275 in,
462 2211 537 2280 quod
557 2200 621 2276 pust
638 2209 706 2260 Obr.
725 2207 812 2270 Geso.
853 2203 1036 2276 Spaldingius
1054 2227 1106 2268 sua
1126 2213 1304 2265 auctoritate

260 2288 372 2334 tutatus
392 2288 452 2343 est3
472 2286 535 2346 post
554 2291 618 2328 eum
638 2275 768 2330 Frotsrb.
789 2275 895 2328 Gerub.
930 2275 986 2329 Sed
1005 2286 1037 2330 ut
1053 2277 1124 2330 illud
1139 2278 1169 2330 in
1186 2293 1204 2330 a
1222 2295 1305 2346 prae-

196 2371 199 2380 ·
260 2351 373 2402 cedenti
392 2351 477 2398 literu
495 2362 521 2397 m
542 2344 775 2414 quemadmodum
795 2345 866 2404 alias
886 2337 928 2396 'ab
946 2347 1048 2398 initiali
1074 2346 1222 2415 sequentis
1249 2353 1304 2401 ori·

259 2421 355 2486 ginem
373 2417 497 2468 traxisse
509 2413 584 2466 haud
597 2411 763 2466 incredibile
777 2421 830 2477 est,
848 2415 889 2464 ita
902 2415 963 2478 ipse
979 2414 1305 2480 Qumctit.xlt,10,15.

167 2491 170 2503 '
259 2491 385 2538 nostrum
398 2491 568 2536 structuram
582 2483 718 2542 adtribuit,
736 2483 847 2536 dicens:
870 2480 966 2532 urnlro
985 2483 1081 2553 magni
1098 2482 1213 2537 nominis
1227 2485 1304 2538 ,deti-

160 2587 162 2594 ·
260 2561 370 2606 tercunt.
402 2552 526 2615 Accedit,
543 2553 617 2620 quod
632 2550 661 2603 in
674 2567 778 2620 nnuma
787 2581 818 2593 ·-
831 2548 982 2602 diversitate
993 2568 1077 2620 quum
1092 2555 1149 2606 ulio
1163 2561 1193 2606 et
1205 2555 1302 2622 paullo

259 2623 374 2676 diverso
393 2620 586 2687 accipiendum
605 2622 644 2673 sit
669 2636 770 2684 sensu,
797 2623 820 2670 si
841 2619 954 2687 quidem
979 2618 1008 2672 in
1032 2637 1094 2674 oum
1118 2621 1302 2675 substantivo

216 2694 223 2704 “
246 2693 373 2760 1ιιωιιὶιιιε
388 2691 565 2744 coniunctum
582 2685 757 2742 conditionem
769 2704 803 2740 uc
815 2696 913 2740 stntmn
926 2687 1040 2754 iudicat,
1049 2698 1127 2744 recte
1141 2690 1169 2742 b.
1181 2690 1201 2742 1.
1217 2707 1303 2760 quse·

256 2762 344 2823 ritur,
360 2766 458 2822 utrum,
474 2761 565 2826 nrugis
582 2774 618 2812 cu
642 2759 790 2829 scriptoris
810 2759 952 2822 sententia
972 2765 1002 2810 et
1021 2773 1057 2811 ex
1076 2775 1108 2812 re
1128 2760 1235 2812 dictum
1254 2763 1300 2812 sit.

258 2828 397 2896 Equidem
413 2842 535 2889 ranetam
549 2829 642 2896 potius
656 2826 778 2878 describi
791 2825 924 2880 debuisse
939 2829 1052 2894 tunicor,
1071 2843 1154 2896 quam
1173 2827 1300 2880 conditio-

257 2913 318 2950 nem
327 2895 456 2963 aliquam,
470 2913 542 2968 quae
554 2913 607 2948 uon
622 2897 744 2964 ponitur,
756 2894 808 2946 sed
818 2896 869 2946 ille
882 2895 1024 2966 locutio-ne
1038 2903 1301 2950 esseasseveretur.
1358 2909 1359 2940 1

258 2967 303 3019 Ea
315 2968 389 3018 euim
404 2967 480 3016 illius
496 2972 655 3022 structurae
668 2963 821 3030 singularis
835 2971 865 3015 et
880 2965 993 3031 propriu
1009 2966 1052 3016 vis
1071 2973 1131 3028 est,
1155 2981 1239 3036 quam
1264 2981 1298 3018 ne

258 3035 351 3096 Kritz.
371 3034 494 3104 quidem,
507 3033 633 3102 pluribus
647 3032 683 3085 de
696 3031 795 3084 eudem
810 3047 841 3100 re
858 3031 1020 3098 disputans,
1038 3035 1145 3102 attigit.
1180 3035 1239 3088 Cir.
1262 3033 1298 3088 ad
1358 3025 1359 3038 ¹

201 3139 202 3144 .
259 3103 329 3158 sau.
343 3105 405 3156 Cat.
419 3103 448 3154 2.
465 3110 536 3158 extr.
556 3109 586 3154 et
598 3101 723 3170 similem
733 3115 825 3170 paene
837 3101 1030 3166 conditionem
1041 3115 1106 3155 esse
1117 3105 1228 3170 reperis
1241 3104 1299 3156 cic.

260 3173 295 3226 de
312 3173 425 3224 Senect.
446 3173 472 3240 fl.
488 3172 516 3226 5.
536 3169 738 3222 maturitate-
758 3163 904 3232 ecdurum
922 3168 959 3221 al.
971 3166 1001 3221 in
1015 3178 1079 3222 mot.
1093 3199 1125 3213 -
1142 3185 1298 3224 ramorum.

257 3241 443 3294 Restituimus
457 3241 601 3308 vulgatum
615 3239 874 3308 scripturem,quod
886 3239 1012 3306 pluribus
1026 3231 1187 3304 nominibus
1199 3255 1299 3310 suspe-

224 3308 227 3318 “
258 3318 305 3364 ota
328 3309 480 3362 videbatur
494 3311 590 3361 altera
609 3309 668 3372 illa,
683 3307 820 3375 quamde
839 3311 1003 3360 coniectura
1015 3305 1174 3377 Spaldingii
1191 3311 1298 3366 incon·

257 3383 338 3432 texta
350 3379 485 3432 assumsit
497 3376 683 3430 Frotsoberus
696 3379 725 3427 in
739 3376 806 3431 edit.
821 3378 888 3427 min.
907 3391 1008 3427 rerum.
1049 3376 1122 3429 'l'ele
1142 3377 1212 3445 quid
1229 3393 1297 3430 cou-

257 3446 373 3500 iicien'di
392 3449 501 3514 copiam
521 3445 653 3499 iecerunt
673 3443 838 3514 Spaldingio
860 3445 929 3496 Tur.
946 3445 1024 3498 Flor.
1051 3452 1080 3496 et
1099 3446 1172 3498 Alm.
1191 3447 1221 3497 in
1238 3447 1298 3515 qui·

257 3515 311 3568 bus
323 3522 453 3571 *nostrum
467 3516 559 3567 deest.
593 3514 694 3582 Nonne
710 3515 794 3574 enim,
808 3519 840 3564 ut
850 3528 936 3564 unum
948 3528 1112 3577 memorem,
1126 3514 1253 3568 taedium
1269 3521 1296 3568 ts

258 3586 353 3654 cupiat
365 3585 543 3652 repetitionis
552 3583 642 3652 qualis
655 3587 700 3634 est
712 3597 803 3633 rerum
815 3588 845 3650 et
857 3589 895 3632 tot
906 3581 1022 3648 undique
1033 3581 1132 3634 rebus?

326 3655 354 3721 ἦ.
375 3653 424 3706 Η.
456 3649 573 3704 virtutis.
606 3656 651 3707 lta
667 3650 753 3718 vulgo
771 3651 893 3718 legitur,
908 3665 1077 3718 quamquam
1095 3651 1193 3703 inritis
1211 3650 1295 3705 codd.

192 3743 195 3752 ¹
258 3723 435 3788 certissimae
459 3723 586 3790 alioquin
612 3719 681 3773 fidei
702 3721 773 3771 'l'un
799 3718 876 3772 Flnr.
904 3718 999 3771 Gueli.
1023 3734 1084 3770 ecc.
1109 3717 1198 3774 Paris.
1223 3719 1248 3774 l.
1268 3719 1285 3773 6

257 3790 337 3846 tub.
354 3791 384 3842 2.·
403 3790 449 3860 qui
468 3805 566 3842 onrnes
585 3788 721 3844 exhibent
733 3785 869 3839 virtutem.
905 3789 991 3840 Cuius
1002 3787 1208 3844 immutationis
1218 3803 1293 3842 oaus-

206 3895 214 3912 .
257 3851 551 3927 sam'suepenum'ern
574 3860 694 3924 deteges
709 3857 745 3908 iu
764 3857 850 3908 simili
872 3856 920 3908 rel
942 3857 1140 3909 antecedentis
1163 3856 1211 3910 rel
1234 3857 1293 3910 sub-

257 3931 403 3997 sequentis
422 3927 549 3980 vocabuli
567 3927 779 3982 terminatione.
803 3953 837 3965 —
871 3927 998 3987 θέσεις.
1021 3925 1069 3976 ul.=
1080 3925 1180 3988 formis
1201 3925 1293 3978 litera·

147 4016 161 4061 ·,
208 3994 214 4008 “
257 4014 319 4050 rum
339 3995 463 4048 Latinis:
485 3993 581 4049 illesis:
608 3994 765 4048 scilieetin
784 3991 930 4048 vocubulis
947 3989 1058 4062 graecis
1088 3993 1246 4048 scribendis
1263 3994 1291 4044 li·
1358 4037 1359 4047 .

212 4085 215 4090 ·
256 4066 344 4120 brurii
362 4067 479 4134 propter
496 4065 638 4118 inscitiam
658 4070 818 4116 monstrosa
837 4059 899 4113 fere
911 4059 1063 4114 'linxerunt
1081 4078 1213 4131 corporo:
1228 4077 1290 4129 qun·

170 4113 180 4136 ’
256 4151 317 4255 qum
335 4133 465 4256 exelqrpla
481 4136 629 4203 proposuit
645 4147 729 4218 quqm
747 4131 869 4200 plurima
886 4127 1012 4199 Spengel
1029 4131 1066 4184 sd
1085 4132 1241 4188 Varronem
1257 4129 1289 4181 dr

270 4208 369 4282 ringus
412 4210 451 4256 ut.
495 4211 498 4219 “
