<?xml version="1.0" encoding="UTF-8"?>
<!DOCTYPE html PUBLIC "-//W3C//DTD XHTML 1.0 Transitional//EN"
    "http://www.w3.org/TR/xhtml1/DTD/xhtml1-transitional.dtd">
<html xmlns="http://www.w3.org/1999/xhtml" xml:lang="en" lang="en">
 <head>
  <title>
</title>
<meta http-equiv="Content-Type" content="text/html;charset=utf-8" />
  <meta name='ocr-system' content='tesseract 3.04.00' />
  <meta name='ocr-capabilities' content='ocr_page ocr_carea ocr_par ocr_line ocrx_word'/>
</head>
<body>
  <div class='ocr_page' id='page_1' title='image "./mfabiquinctilia01quingoog_0123.png"; bbox 0 0 2742 4846; ppageno 0'>
   <div class='ocr_carea' id='block_1_1' title="bbox 251 321 1031 456">
    <p class='ocr_par' dir='ltr' id='par_1_1' title="bbox 251 321 1031 456">
     <span class='ocr_line' id='line_1_1' title="bbox 251 321 1031 456; baseline 0 -45"><span class='ocrx_word' id='word_1_1' title='bbox 251 340 303 411; x_wconf 73' lang='lat'><strong>92</strong></span> <span class='ocrx_word' id='word_1_2' title='bbox 403 419 407 428; x_wconf 27' lang='lat'>¹</span> <span class='ocrx_word' id='word_1_3' title='bbox 482 359 547 408; x_wconf 86' lang='lat' dir='ltr'><strong>.u.</strong></span> <span class='ocrx_word' id='word_1_4' title='bbox 574 360 665 408; x_wconf 73' lang='lat' dir='ltr'><strong>rus.</strong></span> <span class='ocrx_word' id='word_1_5' title='bbox 690 321 1031 456; x_wconf 36' lang='lat' dir='ltr'><strong>&#39;erucrrupnur</strong></span> 
     </span>
    </p>
   </div>
   <div class='ocr_carea' id='block_1_2' title="bbox 149 501 1307 1336">
    <p class='ocr_par' dir='ltr' id='par_1_2' title="bbox 149 501 1358 1336">
     <span class='ocr_line' id='line_1_2' title="bbox 210 501 1303 602; baseline 0.005 -22"><span class='ocrx_word' id='word_1_6' title='bbox 210 535 310 594; x_wconf 70' lang='lat' dir='ltr'><strong>qnee</strong></span> <span class='ocrx_word' id='word_1_7' title='bbox 337 505 436 582; x_wconf 85' lang='lat' dir='ltr'><strong>otium</strong></span> <span class='ocrx_word' id='word_1_8' title='bbox 459 515 588 600; x_wconf 79' lang='lat' dir='ltr'><strong>patitur.</strong></span> <span class='ocrx_word' id='word_1_9' title='bbox 643 511 756 602; x_wconf 86' lang='lat' dir='ltr'><strong>Neque</strong></span> <span class='ocrx_word' id='word_1_10' title='bbox 772 539 860 594; x_wconf 79' lang='lat' dir='ltr'><strong>,vero</strong></span> <span class='ocrx_word' id='word_1_11' title='bbox 881 543 989 586; x_wconf 83' lang='lat' dir='ltr'><strong>rerum</strong></span> <span class='ocrx_word' id='word_1_12' title='bbox 1014 501 1161 586; x_wconf 80' lang='lat' dir='ltr'><strong>ordinem</strong></span> <span class='ocrx_word' id='word_1_13' title='bbox 1189 522 1303 599; x_wconf 85' lang='lat' dir='ltr'><strong>modo,</strong></span> 
     </span>
     <span class='ocr_line' id='line_1_3' title="bbox 246 617 1306 711; baseline 0.001 -24"><span class='ocrx_word' id='word_1_14' title='bbox 246 617 331 707; x_wconf 87' lang='lat' dir='ltr'><strong>quod</strong></span> <span class='ocrx_word' id='word_1_15' title='bbox 346 621 451 706; x_wconf 85' lang='lat' dir='ltr'><strong>ipsuru</strong></span> <span class='ocrx_word' id='word_1_16' title='bbox 459 620 543 711; x_wconf 75' lang='lat' dir='ltr'><strong>satis</strong></span> <span class='ocrx_word' id='word_1_17' title='bbox 561 632 649 700; x_wconf 83' lang='lat' dir='ltr'><strong>erat,</strong></span> <span class='ocrx_word' id='word_1_18' title='bbox 673 623 758 684; x_wconf 89' lang='lat' dir='ltr'><strong>intra</strong></span> <span class='ocrx_word' id='word_1_19' title='bbox 772 645 809 686; x_wconf 87' lang='lat' dir='ltr'><strong>so</strong></span> <span class='ocrx_word' id='word_1_20' title='bbox 833 625 905 706; x_wconf 79' lang='lat' dir='ltr'><strong>ipss</strong></span> <span class='ocrx_word' id='word_1_21' title='bbox 928 624 1088 708; x_wconf 81' lang='lat' dir='ltr'><strong>disponit,</strong></span> <span class='ocrx_word' id='word_1_22' title='bbox 1114 625 1174 690; x_wconf 78' lang='lat' dir='ltr'><strong>uod</strong></span> <span class='ocrx_word' id='word_1_23' title='bbox 1199 625 1306 690; x_wconf 87' lang='lat' dir='ltr'><strong>verba</strong></span> 
     </span>
     <span class='ocr_line' id='line_1_4' title="bbox 191 721 1306 812; baseline 0.006 -27"><span class='ocrx_word' id='word_1_24' title='bbox 191 751 196 756; x_wconf 96' lang='lat'>·</span> <span class='ocrx_word' id='word_1_25' title='bbox 250 721 668 812; x_wconf 81' lang='lat' dir='ltr'><strong>etiaru&#39;ooprdattotamque</strong></span> <span class='ocrx_word' id='word_1_26' title='bbox 686 726 733 788; x_wconf 85' lang='lat' dir='ltr'><strong>ita</strong></span> <span class='ocrx_word' id='word_1_27' title='bbox 749 728 893 796; x_wconf 73' lang='lat' dir='ltr'><strong>contexit</strong></span> <span class='ocrx_word' id='word_1_28' title='bbox 912 730 1108 802; x_wconf 81' lang='lat' dir='ltr'><strong>orationem,</strong></span> <span class='ocrx_word' id='word_1_29' title='bbox 1134 743 1170 794; x_wconf 88' lang='lat' dir='ltr'><strong>ut</strong></span> <span class='ocrx_word' id='word_1_30' title='bbox 1194 732 1227 792; x_wconf 89' lang='lat' dir='ltr'><strong>ei</strong></span> <span class='ocrx_word' id='word_1_31' title='bbox 1253 731 1306 792; x_wconf 91' lang='lat' dir='ltr'><strong>ni-</strong></span> 
     </span>
     <span class='ocr_line' id='line_1_5' title="bbox 248 823 1306 916; baseline 0.006 -28"><span class='ocrx_word' id='word_1_32' title='bbox 248 823 298 889; x_wconf 87' lang='lat' dir='ltr'><strong>hil</strong></span> <span class='ocrx_word' id='word_1_33' title='bbox 311 837 438 911; x_wconf 84' lang='lat' dir='ltr'><strong>praeter</strong></span> <span class='ocrx_word' id='word_1_34' title='bbox 451 845 580 897; x_wconf 77' lang='lat' dir='ltr'><strong>rusnuru</strong></span> <span class='ocrx_word' id='word_1_35' title='bbox 597 825 698 891; x_wconf 84' lang='lat' dir='ltr'><strong>desit:</strong></span> <span class='ocrx_word' id='word_1_36' title='bbox 724 827 799 897; x_wconf 77' lang='lat' dir='ltr'><strong>nant</strong></span> <span class='ocrx_word' id='word_1_37' title='bbox 813 831 988 900; x_wconf 78' lang='lat' dir='ltr'><strong>rnenrorlne</strong></span> <span class='ocrx_word' id='word_1_38' title='bbox 1010 827 1134 916; x_wconf 86' lang='lat' dir='ltr'><strong>quoque</strong></span> <span class='ocrx_word' id='word_1_39' title='bbox 1156 830 1306 916; x_wconf 75' lang='lat' dir='ltr'><strong>plenam·</strong></span> 
     </span>
     <span class='ocr_line' id='line_1_6' title="bbox 249 925 1306 1016; baseline 0.008 -25"><span class='ocrx_word' id='word_1_40' title='bbox 249 925 497 1016; x_wconf 65' lang='lat' dir='ltr'><strong>quo&#39;inlraerent</strong></span> <span class='ocrx_word' id='word_1_41' title='bbox 509 925 648 1016; x_wconf 85' lang='lat' dir='ltr'><strong>fidelius,</strong></span> <span class='ocrx_word' id='word_1_42' title='bbox 672 951 754 1016; x_wconf 82' lang='lat' dir='ltr'><strong>quae</strong></span> <span class='ocrx_word' id='word_1_43' title='bbox 771 927 860 998; x_wconf 87' lang='lat' dir='ltr'><strong>nulla</strong></span> <span class='ocrx_word' id='word_1_44' title='bbox 880 929 1041 1000; x_wconf 81' lang='lat' dir='ltr'><strong>scribendi</strong></span> <span class='ocrx_word' id='word_1_45' title='bbox 1054 937 1228 1002; x_wconf 81' lang='lat' dir='ltr'><strong>securitate</strong></span> <span class='ocrx_word' id='word_1_46' title='bbox 1253 933 1306 1000; x_wconf 85' lang='lat' dir='ltr'><strong>la-</strong></span> 
     </span>
     <span class='ocr_line' id='line_1_7' title="bbox 248 1045 950 1100; baseline -0.003 0"><span class='ocrx_word' id='word_1_47' title='bbox 248 1045 380 1100; x_wconf 67' lang='lat' dir='ltr'><strong>mutua</strong></span> <span class='ocrx_word' id='word_1_48' title='bbox 480 1073 484 1082; x_wconf 86' lang='lat'><em>-</em></span> <span class='ocrx_word' id='word_1_49' title='bbox 922 1049 950 1080; x_wconf 90' lang='lat'><strong>&#39;-</strong></span> 
     </span>
     <span class='ocr_line' id='line_1_8' title="bbox 246 1131 1307 1226; baseline 0.005 -27"><span class='ocrx_word' id='word_1_50' title='bbox 246 1151 260 1186; x_wconf 57' lang='grc' dir='ltr'><strong>ι’</strong></span> <span class='ocrx_word' id='word_1_51' title='bbox 347 1133 418 1200; x_wconf 78' lang='lat' dir='ltr'><strong>Sed</strong></span> <span class='ocrx_word' id='word_1_52' title='bbox 433 1155 474 1198; x_wconf 88' lang='lat' dir='ltr'><strong>ne</strong></span> <span class='ocrx_word' id='word_1_53' title='bbox 485 1131 533 1198; x_wconf 81' lang='lat' dir='ltr'><strong>iul</strong></span> <span class='ocrx_word' id='word_1_54' title='bbox 549 1131 776 1222; x_wconf 77' lang='lat' dir='ltr'><strong>bonoquldepr</strong></span> <span class='ocrx_word' id='word_1_55' title='bbox 791 1141 857 1212; x_wconf 72' lang='lat' dir='ltr'><strong>plin</strong></span> <span class='ocrx_word' id='word_1_56' title='bbox 872 1137 1217 1224; x_wconf 80' lang='lat' dir='ltr'><strong>cogitandiperveniri</strong></span> <span class='ocrx_word' id='word_1_57' title='bbox 1230 1153 1307 1226; x_wconf 82' lang='lat' dir='ltr'><strong>pot-</strong></span> 
     </span>
     <span class='ocr_line' id='line_1_9' title="bbox 149 1233 1307 1336; baseline 0.002 -33"><span class='ocrx_word' id='word_1_58' title='bbox 149 1315 152 1326; x_wconf 25' lang='lat'><strong>,</strong></span> <span class='ocrx_word' id='word_1_59' title='bbox 216 1243 234 1317; x_wconf 67' lang='lat' dir='ltr'><strong>Q</strong></span> <span class='ocrx_word' id='word_1_60' title='bbox 252 1249 301 1308; x_wconf 83' lang='lat' dir='ltr'><strong>est</strong></span> <span class='ocrx_word' id='word_1_61' title='bbox 320 1251 375 1317; x_wconf 79' lang='lat' dir='ltr'><strong>eut</strong></span> <span class='ocrx_word' id='word_1_62' title='bbox 386 1235 490 1336; x_wconf 87' lang='lat' dir='ltr'><strong>subito</strong></span> <span class='ocrx_word' id='word_1_63' title='bbox 506 1250 561 1303; x_wconf 83' lang='lat' dir='ltr'><strong>out</strong></span> <span class='ocrx_word' id='word_1_64' title='bbox 574 1240 650 1308; x_wconf 78' lang='lat' dir='ltr'><strong>sito.</strong></span> <span class='ocrx_word' id='word_1_65' title='bbox 685 1237 772 1305; x_wconf 79' lang='lat' dir='ltr'><strong>Noui</strong></span> <span class='ocrx_word' id='word_1_66' title='bbox 786 1245 925 1327; x_wconf 83' lang='lat' dir='ltr'><strong>primunr</strong></span> <span class='ocrx_word' id='word_1_67' title='bbox 936 1241 1087 1310; x_wconf 84' lang='lat' dir='ltr'><strong>facienda</strong></span> <span class='ocrx_word' id='word_1_68' title='bbox 1106 1233 1209 1320; x_wconf 82' lang='lat' dir='ltr'><strong>rrinlto</strong></span> <span class='ocrx_word' id='word_1_69' title='bbox 1226 1242 1307 1306; x_wconf 87' lang='lat' dir='ltr'><strong>stilo</strong></span> 
     </span>
    </p>
   </div>
   <div class='ocr_carea' id='block_1_3' title="bbox 73 1427 1360 4318">
    <p class='ocr_par' dir='ltr' id='par_1_3' title="bbox 251 1427 1309 1640">
     <span class='ocr_line' id='line_1_10' title="bbox 251 1427 1309 1504; baseline 0 -18"><span class='ocrx_word' id='word_1_70' title='bbox 251 1427 431 1502; x_wconf 74' lang='lat' dir='ltr'><strong>Spaldingiot</strong></span> <span class='ocrx_word' id='word_1_71' title='bbox 447 1430 552 1500; x_wconf 75' lang='lat' dir='ltr'><strong>potitur</strong></span> <span class='ocrx_word' id='word_1_72' title='bbox 565 1429 660 1498; x_wconf 80' lang='lat' dir='ltr'><strong>otium,</strong></span> <span class='ocrx_word' id='word_1_73' title='bbox 678 1431 754 1486; x_wconf 78' lang='lat' dir='ltr'><strong>facili</strong></span> <span class='ocrx_word' id='word_1_74' title='bbox 771 1437 1049 1504; x_wconf 62' lang='lat' dir='ltr'><strong>transpositionem</strong></span> <span class='ocrx_word' id='word_1_75' title='bbox 1064 1433 1241 1499; x_wconf 67' lang='lat' dir='ltr'><strong>nunonem,</strong></span> <span class='ocrx_word' id='word_1_76' title='bbox 1262 1435 1309 1486; x_wconf 87' lang='lat' dir='ltr'><strong>oui</strong></span> 
     </span>
     <span class='ocr_line' id='line_1_11' title="bbox 251 1501 1307 1574; baseline 0.002 -21"><span class='ocrx_word' id='word_1_77' title='bbox 251 1502 310 1554; x_wconf 87' lang='lat' dir='ltr'><strong>ista</strong></span> <span class='ocrx_word' id='word_1_78' title='bbox 327 1501 470 1554; x_wconf 83' lang='lat' dir='ltr'><strong>nonsatis</strong></span> <span class='ocrx_word' id='word_1_79' title='bbox 485 1505 857 1572; x_wconf 71' lang='lat' dir='ltr'><strong>erat‘transposdissernec</strong></span> <span class='ocrx_word' id='word_1_80' title='bbox 876 1503 973 1574; x_wconf 56' lang='lat' dir='ltr'><strong>perire,</strong></span> <span class='ocrx_word' id='word_1_81' title='bbox 987 1503 1071 1558; x_wconf 84' lang='lat' dir='ltr'><strong>otium</strong></span> <span class='ocrx_word' id='word_1_82' title='bbox 1085 1504 1205 1572; x_wconf 84' lang='lat' dir='ltr'><strong>potitur.</strong></span> <span class='ocrx_word' id='word_1_83' title='bbox 1241 1504 1307 1571; x_wconf 85' lang='lat' dir='ltr'><strong>Ego</strong></span> 
     </span>
     <span class='ocr_line' id='line_1_12' title="bbox 255 1569 1308 1640; baseline 0.001 -18"><span class='ocrx_word' id='word_1_84' title='bbox 255 1569 387 1637; x_wconf 78' lang='lat' dir='ltr'><strong>equidem</strong></span> <span class='ocrx_word' id='word_1_85' title='bbox 401 1572 523 1636; x_wconf 84' lang='lat' dir='ltr'><strong>putarim</strong></span> <span class='ocrx_word' id='word_1_86' title='bbox 538 1581 597 1625; x_wconf 87' lang='lat' dir='ltr'><strong>nou</strong></span> <span class='ocrx_word' id='word_1_87' title='bbox 609 1571 733 1624; x_wconf 87' lang='lat' dir='ltr'><strong>alieuuur</strong></span> <span class='ocrx_word' id='word_1_88' title='bbox 752 1589 816 1626; x_wconf 87' lang='lat' dir='ltr'><strong>esse</strong></span> <span class='ocrx_word' id='word_1_89' title='bbox 834 1591 852 1624; x_wconf 87' lang='lat' dir='ltr'><strong>a</strong></span> <span class='ocrx_word' id='word_1_90' title='bbox 866 1589 897 1626; x_wconf 87' lang='lat' dir='ltr'><strong>rc</strong></span> <span class='ocrx_word' id='word_1_91' title='bbox 916 1589 950 1630; x_wconf 80' lang='lat' dir='ltr'><strong>nc</strong></span> <span class='ocrx_word' id='word_1_92' title='bbox 968 1577 1113 1628; x_wconf 80' lang='lat' dir='ltr'><strong>sententio</strong></span> <span class='ocrx_word' id='word_1_93' title='bbox 1135 1575 1308 1640; x_wconf 86' lang='lat' dir='ltr'><strong>scriptoris:</strong></span> 
     </span>
    </p>

    <p class='ocr_par' dir='ltr' id='par_1_4' title="bbox 140 1635 1308 1712">
     <span class='ocr_line' id='line_1_13' title="bbox 140 1635 1308 1712; baseline -0.001 -21"><span class='ocrx_word' id='word_1_94' title='bbox 140 1690 144 1696; x_wconf 75' lang='grc'>,</span> <span class='ocrx_word' id='word_1_95' title='bbox 252 1653 303 1692; x_wconf 80' lang='lat' dir='ltr'><strong>nec</strong></span> <span class='ocrx_word' id='word_1_96' title='bbox 324 1653 424 1706; x_wconf 79' lang='lat' dir='ltr'><strong>expers.</strong></span> <span class='ocrx_word' id='word_1_97' title='bbox 437 1635 550 1704; x_wconf 73' lang='lat' dir='ltr'><strong>ertctii.</strong></span> <span class='ocrx_word' id='word_1_98' title='bbox 583 1638 656 1692; x_wconf 87' lang='lat' dir='ltr'><strong>Nanr</strong></span> <span class='ocrx_word' id='word_1_99' title='bbox 672 1657 707 1694; x_wconf 88' lang='lat' dir='ltr'><strong>ne</strong></span> <span class='ocrx_word' id='word_1_100' title='bbox 723 1645 873 1696; x_wconf 84' lang='lat' dir='ltr'><strong>vetustatis</strong></span> <span class='ocrx_word' id='word_1_101' title='bbox 892 1642 1015 1712; x_wconf 81' lang='lat' dir='ltr'><strong>quidem,</strong></span> <span class='ocrx_word' id='word_1_102' title='bbox 1034 1644 1058 1694; x_wconf 89' lang='lat' dir='ltr'><strong>si</strong></span> <span class='ocrx_word' id='word_1_103' title='bbox 1081 1648 1242 1712; x_wconf 59' lang='lat' dir='ltr'><strong>quagesset</strong></span> <span class='ocrx_word' id='word_1_104' title='bbox 1257 1656 1308 1692; x_wconf 83' lang='lat' dir='ltr'><strong>au·</strong></span> 
     </span>
    </p>

    <p class='ocr_par' dir='ltr' id='par_1_5' title="bbox 196 1708 1359 1985">
     <span class='ocr_line' id='line_1_14' title="bbox 196 1708 1309 1778; baseline 0 -18"><span class='ocrx_word' id='word_1_105' title='bbox 196 1762 200 1766; x_wconf 75' lang='grc'><strong>,</strong></span> <span class='ocrx_word' id='word_1_106' title='bbox 253 1709 373 1760; x_wconf 86' lang='lat' dir='ltr'><strong>ctoritas</strong></span> <span class='ocrx_word' id='word_1_107' title='bbox 387 1715 495 1760; x_wconf 79' lang='lat' dir='ltr'><strong>tanturn</strong></span> <span class='ocrx_word' id='word_1_108' title='bbox 512 1708 586 1776; x_wconf 84' lang='lat' dir='ltr'><strong>apud</strong></span> <span class='ocrx_word' id='word_1_109' title='bbox 601 1710 779 1776; x_wconf 79' lang='lat' dir='ltr'><strong>prevaleret,</strong></span> <span class='ocrx_word' id='word_1_110' title='bbox 798 1718 830 1763; x_wconf 90' lang='lat' dir='ltr'><strong>ut</strong></span> <span class='ocrx_word' id='word_1_111' title='bbox 842 1712 906 1765; x_wconf 83' lang='lat' dir='ltr'><strong>illa:</strong></span> <span class='ocrx_word' id='word_1_112' title='bbox 922 1727 970 1766; x_wconf 83' lang='lat' dir='ltr'><strong>neo</strong></span> <span class='ocrx_word' id='word_1_113' title='bbox 982 1710 1064 1766; x_wconf 81' lang='lat' dir='ltr'><strong>otium</strong></span> <span class='ocrx_word' id='word_1_114' title='bbox 1077 1709 1182 1778; x_wconf 80' lang='lat' dir='ltr'><strong>patitur</strong></span> <span class='ocrx_word' id='word_1_115' title='bbox 1198 1711 1259 1762; x_wconf 90' lang='lat' dir='ltr'><strong>loci</strong></span> <span class='ocrx_word' id='word_1_116' title='bbox 1275 1724 1309 1760; x_wconf 85' lang='lat' dir='ltr'><strong>nc</strong></span> 
     </span>
     <span class='ocr_line' id='line_1_15' title="bbox 253 1777 1308 1845; baseline 0 -18"><span class='ocrx_word' id='word_1_117' title='bbox 253 1777 390 1845; x_wconf 85' lang='lat' dir='ltr'><strong>temporis</strong></span> <span class='ocrx_word' id='word_1_118' title='bbox 406 1777 555 1828; x_wconf 75' lang='lat' dir='ltr'><strong>baberent:</strong></span> <span class='ocrx_word' id='word_1_119' title='bbox 572 1777 662 1844; x_wconf 87' lang='lat' dir='ltr'><strong>plane.</strong></span> <span class='ocrx_word' id='word_1_120' title='bbox 673 1777 828 1832; x_wconf 84' lang='lat' dir='ltr'><strong>abhorrere</strong></span> <span class='ocrx_word' id='word_1_121' title='bbox 840 1780 973 1834; x_wconf 85' lang='lat' dir='ltr'><strong>videntur</strong></span> <span class='ocrx_word' id='word_1_122' title='bbox 984 1796 1002 1831; x_wconf 82' lang='lat' dir='ltr'><strong>a</strong></span> <span class='ocrx_word' id='word_1_123' title='bbox 1018 1779 1163 1836; x_wconf 85' lang='lat' dir='ltr'><strong>sententia</strong></span> <span class='ocrx_word' id='word_1_124' title='bbox 1182 1779 1308 1844; x_wconf 86' lang='lat' dir='ltr'><strong>scripto·</strong></span> 
     </span>
     <span class='ocr_line' id='line_1_16' title="bbox 252 1843 1359 1920; baseline 0.002 -25"><span class='ocrx_word' id='word_1_125' title='bbox 252 1843 311 1896; x_wconf 69' lang='lat' dir='ltr'><strong>ris.¹</strong></span> <span class='ocrx_word' id='word_1_126' title='bbox 339 1845 444 1898; x_wconf 83' lang='lat' dir='ltr'><strong>Contra</strong></span> <span class='ocrx_word' id='word_1_127' title='bbox 457 1853 489 1898; x_wconf 86' lang='lat' dir='ltr'><strong>nt</strong></span> <span class='ocrx_word' id='word_1_128' title='bbox 502 1845 590 1898; x_wconf 87' lang='lat' dir='ltr'><strong>verba</strong></span> <span class='ocrx_word' id='word_1_129' title='bbox 599 1865 606 1898; x_wconf 74' lang='lat' dir='ltr'><strong><em>z</em></strong></span> <span class='ocrx_word' id='word_1_130' title='bbox 616 1862 670 1899; x_wconf 88' lang='lat' dir='ltr'><strong>non</strong></span> <span class='ocrx_word' id='word_1_131' title='bbox 682 1846 785 1914; x_wconf 84' lang='lat' dir='ltr'><strong>patitur</strong></span> <span class='ocrx_word' id='word_1_132' title='bbox 798 1848 833 1900; x_wconf 87' lang='lat' dir='ltr'><strong>ab</strong></span> <span class='ocrx_word' id='word_1_133' title='bbox 847 1851 1004 1916; x_wconf 83' lang='lat' dir='ltr'><strong>interprete</strong></span> <span class='ocrx_word' id='word_1_134' title='bbox 1020 1846 1149 1914; x_wconf 66' lang='lat' dir='ltr'><strong>protecta</strong></span> <span class='ocrx_word' id='word_1_135' title='bbox 1167 1845 1308 1910; x_wconf 80' lang='lat' dir='ltr'><strong>habeam,</strong></span> <span class='ocrx_word' id='word_1_136' title='bbox 1358 1885 1359 1920; x_wconf 66' lang='lat'><strong>,</strong></span> 
     </span>
     <span class='ocr_line' id='line_1_17' title="bbox 253 1912 1359 1985; baseline 0.009 -19"><span class='ocrx_word' id='word_1_137' title='bbox 253 1912 356 1982; x_wconf 89' lang='lat' dir='ltr'><strong>quibus</strong></span> <span class='ocrx_word' id='word_1_138' title='bbox 370 1913 418 1969; x_wconf 88' lang='lat' dir='ltr'><strong>ille</strong></span> <span class='ocrx_word' id='word_1_139' title='bbox 433 1929 531 1966; x_wconf 77' lang='lat' dir='ltr'><strong>vocent</strong></span> <span class='ocrx_word' id='word_1_140' title='bbox 545 1930 641 1984; x_wconf 73' lang='lat' dir='ltr'><strong>expers</strong></span> <span class='ocrx_word' id='word_1_141' title='bbox 659 1918 826 1985; x_wconf 81' lang='lat' dir='ltr'><strong>explicaret,</strong></span> <span class='ocrx_word' id='word_1_142' title='bbox 845 1915 930 1973; x_wconf 79' lang='lat' dir='ltr'><strong>facile</strong></span> <span class='ocrx_word' id='word_1_143' title='bbox 947 1917 1082 1970; x_wconf 78' lang='lat' dir='ltr'><strong>adducor.</strong></span> <span class='ocrx_word' id='word_1_144' title='bbox 1116 1957 1120 1964; x_wconf 95' lang='lat'>.</span> <span class='ocrx_word' id='word_1_145' title='bbox 1156 1963 1161 1968; x_wconf 97' lang='lat'>.</span> <span class='ocrx_word' id='word_1_146' title='bbox 1358 1969 1359 1976; x_wconf 73' lang='grc'>,</span> 
     </span>
    </p>

    <p class='ocr_par' dir='ltr' id='par_1_6' title="bbox 288 1977 1359 2055">
     <span class='ocr_line' id='line_1_18' title="bbox 288 1977 1359 2055; baseline -0.002 -19"><span class='ocrx_word' id='word_1_147' title='bbox 288 2033 293 2050; x_wconf 87' lang='grc'><em>,</em></span> <span class='ocrx_word' id='word_1_148' title='bbox 321 1984 395 2051; x_wconf 68' lang='lat'><strong>§.2</strong></span> <span class='ocrx_word' id='word_1_149' title='bbox 429 1997 542 2050; x_wconf 79' lang='lat' dir='ltr'><strong>quoque.</strong></span> <span class='ocrx_word' id='word_1_150' title='bbox 577 1984 805 2043; x_wconf 80' lang='lat' dir='ltr'><strong>AbestaGueli.</strong></span> <span class='ocrx_word' id='word_1_151' title='bbox 827 1993 857 2040; x_wconf 86' lang='lat' dir='ltr'><strong>et</strong></span> <span class='ocrx_word' id='word_1_152' title='bbox 879 2002 928 2055; x_wconf 83' lang='lat' dir='ltr'><strong>pro</strong></span> <span class='ocrx_word' id='word_1_153' title='bbox 954 2001 1017 2043; x_wconf 80' lang='lat' dir='ltr'><strong>narn</strong></span> <span class='ocrx_word' id='word_1_154' title='bbox 1036 1987 1064 2038; x_wconf 90' lang='lat' dir='ltr'><strong>iu</strong></span> <span class='ocrx_word' id='word_1_155' title='bbox 1090 1983 1159 2038; x_wconf 77' lang='lat' dir='ltr'><strong>cod.</strong></span> <span class='ocrx_word' id='word_1_156' title='bbox 1178 1977 1254 2038; x_wconf 75' lang='lat' dir='ltr'><strong>rur.</strong></span> <span class='ocrx_word' id='word_1_157' title='bbox 1278 1987 1308 2036; x_wconf 86' lang='lat' dir='ltr'><strong>et</strong></span> <span class='ocrx_word' id='word_1_158' title='bbox 1358 1991 1359 2010; x_wconf 61' lang='lat'>³</span> 
     </span>
    </p>

    <p class='ocr_par' dir='ltr' id='par_1_7' title="bbox 150 2019 1359 2262">
     <span class='ocr_line' id='line_1_19' title="bbox 150 2019 1359 2121; baseline -0.001 -17"><span class='ocrx_word' id='word_1_159' title='bbox 150 2107 154 2118; x_wconf 65' lang='grc'><em>,</em></span> <span class='ocrx_word' id='word_1_160' title='bbox 197 2082 201 2088; x_wconf 44' lang='lat'><strong><em>⁴</em></strong></span> <span class='ocrx_word' id='word_1_161' title='bbox 253 2047 599 2118; x_wconf 64' lang='lat' dir='ltr'><strong>increpanturque,</strong></span> <span class='ocrx_word' id='word_1_162' title='bbox 623 2049 1060 2121; x_wconf 75' lang='lat' dir='ltr'><strong>quod&#39;al&#39;rotsclr.intextulu</strong></span> <span class='ocrx_word' id='word_1_163' title='bbox 1080 2057 1309 2120; x_wconf 78' lang='lat' dir='ltr'><strong>estreceptnrn.</strong></span> <span class='ocrx_word' id='word_1_164' title='bbox 1358 2019 1359 2108; x_wconf 72' lang='lat' dir='ltr'><strong>l</strong></span> 
     </span>
     <span class='ocr_line' id='line_1_20' title="bbox 253 2117 1307 2191; baseline 0.001 -19"><span class='ocrx_word' id='word_1_165' title='bbox 253 2117 312 2174; x_wconf 84' lang='lat' dir='ltr'><strong>Sed</strong></span> <span class='ocrx_word' id='word_1_166' title='bbox 324 2121 348 2172; x_wconf 87' lang='lat' dir='ltr'><strong>si</strong></span> <span class='ocrx_word' id='word_1_167' title='bbox 361 2121 528 2190; x_wconf 82' lang='lat' dir='ltr'><strong>quandoque</strong></span> <span class='ocrx_word' id='word_1_168' title='bbox 542 2119 653 2174; x_wconf 86' lang='lat' dir='ltr'><strong>aurium</strong></span> <span class='ocrx_word' id='word_1_169' title='bbox 665 2125 762 2184; x_wconf 78' lang='lat' dir='ltr'><strong>serrsui</strong></span> <span class='ocrx_word' id='word_1_170' title='bbox 780 2123 888 2191; x_wconf 89' lang='lat' dir='ltr'><strong>aliquid</strong></span> <span class='ocrx_word' id='word_1_171' title='bbox 906 2123 934 2174; x_wconf 90' lang='lat' dir='ltr'><strong>in</strong></span> <span class='ocrx_word' id='word_1_172' title='bbox 954 2125 1084 2176; x_wconf 87' lang='lat' dir='ltr'><strong>oratioue</strong></span> <span class='ocrx_word' id='word_1_173' title='bbox 1105 2121 1307 2188; x_wconf 80' lang='lat' dir='ltr'><strong>dornponenda</strong></span> 
     </span>
     <span class='ocr_line' id='line_1_21' title="bbox 245 2188 1307 2262; baseline 0.006 -24"><span class='ocrx_word' id='word_1_174' title='bbox 245 2188 435 2240; x_wconf 87' lang='lat' dir='ltr'><strong>&#39;tribuendum</strong></span> <span class='ocrx_word' id='word_1_175' title='bbox 454 2197 506 2256; x_wconf 86' lang='lat' dir='ltr'><strong>est,</strong></span> <span class='ocrx_word' id='word_1_176' title='bbox 521 2189 625 2256; x_wconf 87' lang='lat' dir='ltr'><strong>dequo</strong></span> <span class='ocrx_word' id='word_1_177' title='bbox 640 2206 723 2246; x_wconf 81' lang='lat' dir='ltr'><strong>neure</strong></span> <span class='ocrx_word' id='word_1_178' title='bbox 735 2191 885 2256; x_wconf 83' lang='lat' dir='ltr'><strong>dubitabit,</strong></span> <span class='ocrx_word' id='word_1_179' title='bbox 902 2207 955 2244; x_wconf 90' lang='lat' dir='ltr'><strong>nou</strong></span> <span class='ocrx_word' id='word_1_180' title='bbox 970 2192 1130 2262; x_wconf 83' lang='lat' dir='ltr'><strong>poeuitebit</strong></span> <span class='ocrx_word' id='word_1_181' title='bbox 1142 2193 1307 2252; x_wconf 76' lang='lat' dir='ltr'><strong>necessisse</strong></span> 
     </span>
    </p>

    <p class='ocr_par' dir='ltr' id='par_1_8' title="bbox 222 2255 1307 2329">
     <span class='ocr_line' id='line_1_22' title="bbox 222 2255 1307 2329; baseline -0.002 -19"><span class='ocrx_word' id='word_1_182' title='bbox 222 2296 225 2302; x_wconf 85' lang='lat'>.</span> <span class='ocrx_word' id='word_1_183' title='bbox 253 2255 291 2310; x_wconf 82' lang='lat' dir='ltr'><strong>ud</strong></span> <span class='ocrx_word' id='word_1_184' title='bbox 304 2257 464 2326; x_wconf 84' lang='lat' dir='ltr'><strong>exemplum</strong></span> <span class='ocrx_word' id='word_1_185' title='bbox 481 2258 547 2316; x_wconf 83' lang='lat' dir='ltr'><strong>cod.</strong></span> <span class='ocrx_word' id='word_1_186' title='bbox 562 2259 638 2312; x_wconf 81' lang='lat' dir='ltr'><strong>Flor.</strong></span> <span class='ocrx_word' id='word_1_187' title='bbox 654 2263 701 2329; x_wconf 90' lang='lat' dir='ltr'><strong>qui</strong></span> <span class='ocrx_word' id='word_1_188' title='bbox 724 2259 855 2328; x_wconf 85' lang='lat' dir='ltr'><strong>praebet:</strong></span> <span class='ocrx_word' id='word_1_189' title='bbox 879 2275 943 2312; x_wconf 72' lang='lat' dir='ltr'><strong>trouu</strong></span> <span class='ocrx_word' id='word_1_190' title='bbox 957 2267 995 2323; x_wconf 87' lang='lat' dir='ltr'><strong>et,</strong></span> <span class='ocrx_word' id='word_1_191' title='bbox 1018 2267 1104 2328; x_wconf 86' lang='lat' dir='ltr'><strong>atque</strong></span> <span class='ocrx_word' id='word_1_192' title='bbox 1122 2273 1183 2309; x_wconf 85' lang='lat' dir='ltr'><strong>cunt</strong></span> <span class='ocrx_word' id='word_1_193' title='bbox 1202 2255 1307 2311; x_wconf 76' lang='lat' dir='ltr'><strong>Guelf.</strong></span> 
     </span>
    </p>

    <p class='ocr_par' dir='ltr' id='par_1_9' title="bbox 183 2325 1308 2465">
     <span class='ocr_line' id='line_1_23' title="bbox 183 2325 1308 2397; baseline 0 -21"><span class='ocrx_word' id='word_1_194' title='bbox 183 2355 189 2364; x_wconf 91' lang='lat'>-</span> <span class='ocrx_word' id='word_1_195' title='bbox 254 2327 387 2388; x_wconf 80' lang='lat' dir='ltr'><strong>ontittere</strong></span> <span class='ocrx_word' id='word_1_196' title='bbox 402 2325 471 2380; x_wconf 91' lang='lat' dir='ltr'><strong>illud</strong></span> <span class='ocrx_word' id='word_1_197' title='bbox 488 2341 600 2393; x_wconf 77' lang='lat' dir='ltr'><strong>quoque,</strong></span> <span class='ocrx_word' id='word_1_198' title='bbox 614 2329 654 2378; x_wconf 87' lang='lat' dir='ltr'><strong>ita</strong></span> <span class='ocrx_word' id='word_1_199' title='bbox 670 2334 701 2380; x_wconf 91' lang='lat' dir='ltr'><strong>ut</strong></span> <span class='ocrx_word' id='word_1_200' title='bbox 719 2329 805 2396; x_wconf 83' lang='lat' dir='ltr'><strong>verba¹</strong></span> <span class='ocrx_word' id='word_1_201' title='bbox 824 2331 865 2382; x_wconf 84' lang='lat' dir='ltr'><strong>sic</strong></span> <span class='ocrx_word' id='word_1_202' title='bbox 882 2345 914 2382; x_wconf 84' lang='lat' dir='ltr'><strong>sc</strong></span> <span class='ocrx_word' id='word_1_203' title='bbox 935 2331 1091 2397; x_wconf 72' lang='lat' dir='ltr'><strong>excipiant:</strong></span> <span class='ocrx_word' id='word_1_204' title='bbox 1116 2325 1187 2378; x_wconf 78' lang='lat' dir='ltr'><strong>Nom</strong></span> <span class='ocrx_word' id='word_1_205' title='bbox 1206 2334 1240 2378; x_wconf 82' lang='lat' dir='ltr'><strong>et</strong></span> <span class='ocrx_word' id='word_1_206' title='bbox 1256 2343 1308 2378; x_wconf 81' lang='lat' dir='ltr'><strong>ure-</strong></span> 
     </span>
     <span class='ocr_line' id='line_1_24' title="bbox 253 2391 1308 2465; baseline 0.003 -21"><span class='ocrx_word' id='word_1_207' title='bbox 253 2391 356 2454; x_wconf 82' lang='lat' dir='ltr'><strong>prort&#39;oe</strong></span> <span class='ocrx_word' id='word_1_208' title='bbox 368 2394 526 2462; x_wconf 85' lang='lat' dir='ltr'><strong>plerumque</strong></span> <span class='ocrx_word' id='word_1_209' title='bbox 542 2402 596 2448; x_wconf 88' lang='lat' dir='ltr'><strong>etc.</strong></span> <span class='ocrx_word' id='word_1_210' title='bbox 628 2397 760 2450; x_wconf 80' lang='lat' dir='ltr'><strong>Attamen</strong></span> <span class='ocrx_word' id='word_1_211' title='bbox 776 2413 810 2450; x_wconf 85' lang='lat' dir='ltr'><strong>uo</strong></span> <span class='ocrx_word' id='word_1_212' title='bbox 826 2394 1007 2465; x_wconf 74' lang='lat' dir='ltr'><strong>arrogantius</strong></span> <span class='ocrx_word' id='word_1_213' title='bbox 1021 2399 1115 2464; x_wconf 79' lang='lat' dir='ltr'><strong>egisse</strong></span> <span class='ocrx_word' id='word_1_214' title='bbox 1129 2395 1308 2458; x_wconf 79' lang='lat' dir='ltr'><strong>riderentur,</strong></span> 
     </span>
    </p>

    <p class='ocr_par' dir='ltr' id='par_1_10' title="bbox 142 2461 1308 2673">
     <span class='ocr_line' id='line_1_25' title="bbox 142 2461 1307 2534; baseline 0.001 -21"><span class='ocrx_word' id='word_1_215' title='bbox 142 2473 144 2483; x_wconf 79' lang='grc'>’</span> <span class='ocrx_word' id='word_1_216' title='bbox 187 2470 193 2488; x_wconf 55' lang='lat' dir='ltr'><strong>t</strong></span> <span class='ocrx_word' id='word_1_217' title='bbox 253 2461 339 2516; x_wconf 81' lang='lat' dir='ltr'><strong>niodo</strong></span> <span class='ocrx_word' id='word_1_218' title='bbox 351 2463 410 2516; x_wconf 84' lang='lat' dir='ltr'><strong>alia</strong></span> <span class='ocrx_word' id='word_1_219' title='bbox 425 2463 602 2534; x_wconf 79' lang='lat' dir='ltr'><strong>admittenda</strong></span> <span class='ocrx_word' id='word_1_220' title='bbox 614 2465 841 2534; x_wconf 82' lang='lat' dir='ltr'><strong>interpunctione</strong></span> <span class='ocrx_word' id='word_1_221' title='bbox 853 2463 1023 2532; x_wconf 83' lang='lat' dir='ltr'><strong>aSpnldiug.</strong></span> <span class='ocrx_word' id='word_1_222' title='bbox 1038 2465 1173 2518; x_wconf 81' lang='lat' dir='ltr'><strong>recedere</strong></span> <span class='ocrx_word' id='word_1_223' title='bbox 1185 2464 1307 2532; x_wconf 78' lang='lat' dir='ltr'><strong>placuit,</strong></span> 
     </span>
     <span class='ocr_line' id='line_1_26' title="bbox 254 2529 1308 2604; baseline 0.002 -22"><span class='ocrx_word' id='word_1_224' title='bbox 254 2529 329 2598; x_wconf 88' lang='lat' dir='ltr'><strong>opud</strong></span> <span class='ocrx_word' id='word_1_225' title='bbox 349 2548 431 2602; x_wconf 84' lang='lat' dir='ltr'><strong>quent</strong></span> <span class='ocrx_word' id='word_1_226' title='bbox 448 2535 555 2600; x_wconf 86' lang='lat' dir='ltr'><strong>puriter</strong></span> <span class='ocrx_word' id='word_1_227' title='bbox 572 2535 744 2604; x_wconf 82' lang='lat' dir='ltr'><strong>atquenpod</strong></span> <span class='ocrx_word' id='word_1_228' title='bbox 759 2536 862 2600; x_wconf 86' lang='lat' dir='ltr'><strong>priorr.</strong></span> <span class='ocrx_word' id='word_1_229' title='bbox 876 2533 937 2588; x_wconf 81' lang='lat' dir='ltr'><strong>iero</strong></span> <span class='ocrx_word' id='word_1_230' title='bbox 951 2550 1049 2586; x_wconf 82' lang='lat' dir='ltr'><strong>ouurcs</strong></span> <span class='ocrx_word' id='word_1_231' title='bbox 1065 2543 1212 2586; x_wconf 70' lang='lat' dir='ltr'><strong>usurarum</strong></span> <span class='ocrx_word' id='word_1_232' title='bbox 1233 2534 1308 2601; x_wconf 87' lang='lat' dir='ltr'><strong>legi·</strong></span> 
     </span>
     <span class='ocr_line' id='line_1_27' title="bbox 253 2600 1308 2673; baseline 0.002 -21"><span class='ocrx_word' id='word_1_233' title='bbox 253 2603 315 2654; x_wconf 79' lang='lat' dir='ltr'><strong>tur:</strong></span> <span class='ocrx_word' id='word_1_234' title='bbox 336 2615 401 2654; x_wconf 83' lang='lat' dir='ltr'><strong>nom</strong></span> <span class='ocrx_word' id='word_1_235' title='bbox 414 2615 491 2656; x_wconf 80' lang='lat' dir='ltr'><strong>ruent.</strong></span> <span class='ocrx_word' id='word_1_236' title='bbox 504 2612 583 2668; x_wconf 79' lang='lat' dir='ltr'><strong>quoq.</strong></span> <span class='ocrx_word' id='word_1_237' title='bbox 598 2612 651 2660; x_wconf 85' lang='lat' dir='ltr'><strong>etc.</strong></span> <span class='ocrx_word' id='word_1_238' title='bbox 665 2633 696 2648; x_wconf 87' lang='lat'>-</span> <span class='ocrx_word' id='word_1_239' title='bbox 706 2600 819 2673; x_wconf 77' lang='lat' dir='ltr'><strong>fidelius</strong></span> <span class='ocrx_word' id='word_1_240' title='bbox 834 2617 912 2668; x_wconf 82' lang='lat' dir='ltr'><strong>quoe,</strong></span> <span class='ocrx_word' id='word_1_241' title='bbox 946 2603 1104 2669; x_wconf 78' lang='lat' dir='ltr'><strong>praeniissa</strong></span> <span class='ocrx_word' id='word_1_242' title='bbox 1119 2603 1203 2668; x_wconf 87' lang='lat' dir='ltr'><strong>plena</strong></span> <span class='ocrx_word' id='word_1_243' title='bbox 1213 2602 1308 2654; x_wconf 88' lang='lat' dir='ltr'><strong>inter·</strong></span> 
     </span>
    </p>

    <p class='ocr_par' dir='ltr' id='par_1_11' title="bbox 156 2669 1308 2806">
     <span class='ocr_line' id='line_1_28' title="bbox 156 2669 1307 2740; baseline 0.002 -20"><span class='ocrx_word' id='word_1_244' title='bbox 156 2702 159 2706; x_wconf 86' lang='lat'>·</span> <span class='ocrx_word' id='word_1_245' title='bbox 253 2671 416 2740; x_wconf 81' lang='lat' dir='ltr'><strong>punctione.</strong></span> <span class='ocrx_word' id='word_1_246' title='bbox 438 2669 580 2724; x_wconf 86' lang='lat' dir='ltr'><strong>Plurulenr</strong></span> <span class='ocrx_word' id='word_1_247' title='bbox 593 2686 739 2723; x_wconf 78' lang='lat' dir='ltr'><strong>nunteruru</strong></span> <span class='ocrx_word' id='word_1_248' title='bbox 753 2687 789 2724; x_wconf 83' lang='lat' dir='ltr'><strong>ex</strong></span> <span class='ocrx_word' id='word_1_249' title='bbox 803 2672 972 2724; x_wconf 79' lang='lat' dir='ltr'><strong>auctoritate</strong></span> <span class='ocrx_word' id='word_1_250' title='bbox 993 2673 1088 2737; x_wconf 86' lang='lat' dir='ltr'><strong>Canrp.</strong></span> <span class='ocrx_word' id='word_1_251' title='bbox 1111 2687 1164 2724; x_wconf 89' lang='lat' dir='ltr'><strong>uec</strong></span> <span class='ocrx_word' id='word_1_252' title='bbox 1182 2683 1307 2738; x_wconf 85' lang='lat' dir='ltr'><strong>prorsus</strong></span> 
     </span>
     <span class='ocr_line' id='line_1_29' title="bbox 253 2737 1308 2806; baseline 0 -16"><span class='ocrx_word' id='word_1_253' title='bbox 253 2738 478 2806; x_wconf 80' lang='lat' dir='ltr'><strong>repugnantibus</strong></span> <span class='ocrx_word' id='word_1_254' title='bbox 498 2737 585 2795; x_wconf 81' lang='lat' dir='ltr'><strong>codd.</strong></span> <span class='ocrx_word' id='word_1_255' title='bbox 604 2739 673 2794; x_wconf 90' lang='lat' dir='ltr'><strong>Tur.</strong></span> <span class='ocrx_word' id='word_1_256' title='bbox 696 2741 773 2793; x_wconf 84' lang='lat' dir='ltr'><strong>Flor.</strong></span> <span class='ocrx_word' id='word_1_257' title='bbox 790 2739 885 2792; x_wconf 82' lang='lat' dir='ltr'><strong>Guell.</strong></span> <span class='ocrx_word' id='word_1_258' title='bbox 907 2754 965 2791; x_wconf 86' lang='lat' dir='ltr'><strong>ace.</strong></span> <span class='ocrx_word' id='word_1_259' title='bbox 981 2737 1045 2793; x_wconf 81' lang='lat' dir='ltr'><strong>Pur.</strong></span> <span class='ocrx_word' id='word_1_260' title='bbox 1071 2740 1108 2792; x_wconf 64' lang='lat' dir='ltr'><strong>ln</strong></span> <span class='ocrx_word' id='word_1_261' title='bbox 1121 2739 1149 2793; x_wconf 85' lang='lat' dir='ltr'><strong>li.</strong></span> <span class='ocrx_word' id='word_1_262' title='bbox 1176 2737 1259 2790; x_wconf 79' lang='lat' dir='ltr'><strong>Anrb.</strong></span> <span class='ocrx_word' id='word_1_263' title='bbox 1278 2741 1308 2790; x_wconf 80' lang='lat'><strong>2.</strong></span> 
     </span>
    </p>

    <p class='ocr_par' dir='ltr' id='par_1_12' title="bbox 189 2805 1308 3014">
     <span class='ocr_line' id='line_1_30' title="bbox 189 2805 1308 2875; baseline 0 -17"><span class='ocrx_word' id='word_1_264' title='bbox 189 2869 192 2874; x_wconf 26' lang='grc' dir='ltr'>Ι</span> <span class='ocrx_word' id='word_1_265' title='bbox 252 2807 284 2858; x_wconf 92' lang='lat' dir='ltr'><strong>in</strong></span> <span class='ocrx_word' id='word_1_266' title='bbox 300 2806 401 2874; x_wconf 92' lang='lat' dir='ltr'><strong>quibus</strong></span> <span class='ocrx_word' id='word_1_267' title='bbox 415 2813 529 2873; x_wconf 76' lang='lat' dir='ltr'><strong>estque,</strong></span> <span class='ocrx_word' id='word_1_268' title='bbox 547 2807 633 2860; x_wconf 87' lang='lat' dir='ltr'><strong>etiam</strong></span> <span class='ocrx_word' id='word_1_269' title='bbox 646 2807 674 2858; x_wconf 90' lang='lat' dir='ltr'><strong>in</strong></span> <span class='ocrx_word' id='word_1_270' title='bbox 690 2809 784 2862; x_wconf 82' lang='lat' dir='ltr'><strong>verbis</strong></span> <span class='ocrx_word' id='word_1_271' title='bbox 797 2805 1167 2875; x_wconf 59' lang='lat' dir='ltr'><strong>indueret-laxatumque</strong></span> <span class='ocrx_word' id='word_1_272' title='bbox 1182 2809 1308 2874; x_wconf 82' lang='lat' dir='ltr'><strong>scriptu·</strong></span> 
     </span>
     <span class='ocr_line' id='line_1_31' title="bbox 252 2866 1307 2942; baseline 0.001 -15"><span class='ocrx_word' id='word_1_273' title='bbox 252 2890 287 2928; x_wconf 85' lang='lat' dir='ltr'><strong>ra</strong></span> <span class='ocrx_word' id='word_1_274' title='bbox 300 2881 345 2928; x_wconf 84' lang='lat' dir='ltr'><strong>est</strong></span> <span class='ocrx_word' id='word_1_275' title='bbox 356 2873 478 2930; x_wconf 86' lang='lat' dir='ltr'><strong>omnium</strong></span> <span class='ocrx_word' id='word_1_276' title='bbox 487 2873 688 2942; x_wconf 86' lang='lat' dir='ltr'><strong>Codd.,&#39;nuper</strong></span> <span class='ocrx_word' id='word_1_277' title='bbox 701 2877 826 2930; x_wconf 86' lang='lat' dir='ltr'><strong>restituit</strong></span> <span class='ocrx_word' id='word_1_278' title='bbox 836 2874 963 2936; x_wconf 74' lang='lat' dir='ltr'><strong>urotsch,</strong></span> <span class='ocrx_word' id='word_1_279' title='bbox 976 2866 1024 2932; x_wconf 70' lang='lat' dir='ltr'><strong>&#39;cui</strong></span> <span class='ocrx_word' id='word_1_280' title='bbox 1039 2873 1199 2929; x_wconf 81' lang='lat' dir='ltr'><strong>adsentitur</strong></span> <span class='ocrx_word' id='word_1_281' title='bbox 1213 2874 1307 2928; x_wconf 85' lang='lat' dir='ltr'><strong>Geru-</strong></span> 
     </span>
     <span class='ocr_line' id='line_1_32' title="bbox 253 2941 1307 3014; baseline 0.001 -19"><span class='ocrx_word' id='word_1_282' title='bbox 253 2941 336 3000; x_wconf 75' lang='lat' dir='ltr'><strong>bard.</strong></span> <span class='ocrx_word' id='word_1_283' title='bbox 369 2941 432 3008; x_wconf 83' lang='lat' dir='ltr'><strong>Sint</strong></span> <span class='ocrx_word' id='word_1_284' title='bbox 444 2946 511 3008; x_wconf 88' lang='lat' dir='ltr'><strong>ista,</strong></span> <span class='ocrx_word' id='word_1_285' title='bbox 530 2943 661 3000; x_wconf 83' lang='lat' dir='ltr'><strong>modone</strong></span> <span class='ocrx_word' id='word_1_286' title='bbox 684 2945 832 3012; x_wconf 86' lang='lat' dir='ltr'><strong>scrupulus</strong></span> <span class='ocrx_word' id='word_1_287' title='bbox 851 2961 1018 3014; x_wconf 85' lang='lat' dir='ltr'><strong>quamquaur</strong></span> <span class='ocrx_word' id='word_1_288' title='bbox 1034 2947 1147 2998; x_wconf 85' lang='lat' dir='ltr'><strong>tenuior</strong></span> <span class='ocrx_word' id='word_1_289' title='bbox 1162 2943 1212 2996; x_wconf 91' lang='lat' dir='ltr'><strong>tibi</strong></span> <span class='ocrx_word' id='word_1_290' title='bbox 1232 2947 1307 2996; x_wconf 85' lang='lat' dir='ltr'><strong>resi-</strong></span> 
     </span>
    </p>

    <p class='ocr_par' dir='ltr' id='par_1_13' title="bbox 219 3012 1360 3152">
     <span class='ocr_line' id='line_1_33' title="bbox 219 3012 1360 3084; baseline 0 -20"><span class='ocrx_word' id='word_1_291' title='bbox 219 3079 222 3084; x_wconf 16' lang='lat'>*</span> <span class='ocrx_word' id='word_1_292' title='bbox 253 3013 323 3075; x_wconf 68' lang='lat' dir='ltr'><strong>decu</strong></span> <span class='ocrx_word' id='word_1_293' title='bbox 337 3013 461 3067; x_wconf 85' lang='lat' dir='ltr'><strong>intuenti</strong></span> <span class='ocrx_word' id='word_1_294' title='bbox 474 3013 604 3066; x_wconf 81' lang='lat' dir='ltr'><strong>Codiceru</strong></span> <span class='ocrx_word' id='word_1_295' title='bbox 620 3013 690 3070; x_wconf 80' lang='lat' dir='ltr'><strong>Tur.</strong></span> <span class='ocrx_word' id='word_1_296' title='bbox 705 3016 752 3082; x_wconf 87' lang='lat' dir='ltr'><strong>qui</strong></span> <span class='ocrx_word' id='word_1_297' title='bbox 770 3014 831 3068; x_wconf 69' lang='lat' dir='ltr'><strong>datr</strong></span> <span class='ocrx_word' id='word_1_298' title='bbox 850 3012 995 3068; x_wconf 79' lang='lat' dir='ltr'><strong>nrerrrore&#39;a:</strong></span> <span class='ocrx_word' id='word_1_299' title='bbox 1017 3029 1089 3082; x_wconf 81' lang='lat' dir='ltr'><strong>quae</strong></span> <span class='ocrx_word' id='word_1_300' title='bbox 1103 3014 1188 3064; x_wconf 88' lang='lat' dir='ltr'><strong>lectio</strong></span> <span class='ocrx_word' id='word_1_301' title='bbox 1204 3015 1305 3064; x_wconf 85' lang='lat' dir='ltr'><strong>nescio</strong></span> <span class='ocrx_word' id='word_1_302' title='bbox 1359 3015 1360 3030; x_wconf 66' lang='lat'>¹</span> 
     </span>
     <span class='ocr_line' id='line_1_34' title="bbox 254 3079 1307 3152; baseline -0.002 -18"><span class='ocrx_word' id='word_1_303' title='bbox 254 3095 293 3136; x_wconf 80' lang='lat' dir='ltr'><strong>an</strong></span> <span class='ocrx_word' id='word_1_304' title='bbox 318 3079 410 3136; x_wconf 88' lang='lat' dir='ltr'><strong>altera</strong></span> <span class='ocrx_word' id='word_1_305' title='bbox 421 3081 471 3134; x_wconf 86' lang='lat' dir='ltr'><strong>illa</strong></span> <span class='ocrx_word' id='word_1_306' title='bbox 484 3083 578 3150; x_wconf 93' lang='lat' dir='ltr'><strong>potior</strong></span> <span class='ocrx_word' id='word_1_307' title='bbox 596 3084 634 3134; x_wconf 82' lang='lat' dir='ltr'><strong>nit</strong></span> <span class='ocrx_word' id='word_1_308' title='bbox 653 3081 797 3146; x_wconf 84' lang='lat' dir='ltr'><strong>habenda,</strong></span> <span class='ocrx_word' id='word_1_309' title='bbox 822 3091 851 3134; x_wconf 82' lang='lat' dir='ltr'><strong>et</strong></span> <span class='ocrx_word' id='word_1_310' title='bbox 867 3097 939 3152; x_wconf 85' lang='lat' dir='ltr'><strong>quae</strong></span> <span class='ocrx_word' id='word_1_311' title='bbox 959 3082 1044 3138; x_wconf 83' lang='lat' dir='ltr'><strong>etiam</strong></span> <span class='ocrx_word' id='word_1_312' title='bbox 1065 3097 1100 3134; x_wconf 83' lang='lat' dir='ltr'><strong>ex</strong></span> <span class='ocrx_word' id='word_1_313' title='bbox 1119 3098 1150 3134; x_wconf 89' lang='lat' dir='ltr'><strong>rc</strong></span> <span class='ocrx_word' id='word_1_314' title='bbox 1173 3081 1234 3148; x_wconf 87' lang='lat' dir='ltr'><strong>plus</strong></span> <span class='ocrx_word' id='word_1_315' title='bbox 1258 3081 1307 3132; x_wconf 87' lang='lat' dir='ltr'><strong>ba·</strong></span> 
     </span>
    </p>

    <p class='ocr_par' dir='ltr' id='par_1_14' title="bbox 73 3147 1360 3558">
     <span class='ocr_line' id='line_1_35' title="bbox 73 3147 1360 3218; baseline -0.005 -13"><span class='ocrx_word' id='word_1_316' title='bbox 73 3165 83 3190; x_wconf 57' lang='grc'>1</span> <span class='ocrx_word' id='word_1_317' title='bbox 172 3175 175 3180; x_wconf 90' lang='grc'><strong><em>·</em></strong></span> <span class='ocrx_word' id='word_1_318' title='bbox 252 3149 322 3204; x_wconf 88' lang='lat' dir='ltr'><strong>beat</strong></span> <span class='ocrx_word' id='word_1_319' title='bbox 335 3151 602 3206; x_wconf 84' lang='lat' dir='ltr'><strong>commendationis:</strong></span> <span class='ocrx_word' id='word_1_320' title='bbox 624 3165 687 3202; x_wconf 87' lang='lat' dir='ltr'><strong>nam</strong></span> <span class='ocrx_word' id='word_1_321' title='bbox 704 3157 733 3204; x_wconf 90' lang='lat' dir='ltr'><strong>et</strong></span> <span class='ocrx_word' id='word_1_322' title='bbox 745 3149 837 3202; x_wconf 80' lang='lat' dir='ltr'><strong>luxuri</strong></span> <span class='ocrx_word' id='word_1_323' title='bbox 852 3159 880 3202; x_wconf 82' lang='lat' dir='ltr'><strong>ct</strong></span> <span class='ocrx_word' id='word_1_324' title='bbox 891 3152 1030 3204; x_wconf 85' lang='lat' dir='ltr'><strong>securitas</strong></span> <span class='ocrx_word' id='word_1_325' title='bbox 1042 3151 1133 3218; x_wconf 84' lang='lat' dir='ltr'><strong>magis</strong></span> <span class='ocrx_word' id='word_1_326' title='bbox 1146 3147 1306 3200; x_wconf 85' lang='lat' dir='ltr'><strong>orenrorianr</strong></span> <span class='ocrx_word' id='word_1_327' title='bbox 1359 3195 1360 3198; x_wconf 74' lang='grc'>,</span> 
     </span>
     <span class='ocr_line' id='line_1_36' title="bbox 253 3215 1305 3290; baseline -0.004 -18"><span class='ocrx_word' id='word_1_328' title='bbox 253 3225 365 3289; x_wconf 84' lang='lat' dir='ltr'><strong>spectat</strong></span> <span class='ocrx_word' id='word_1_329' title='bbox 379 3235 462 3290; x_wconf 88' lang='lat' dir='ltr'><strong>quarn</strong></span> <span class='ocrx_word' id='word_1_330' title='bbox 475 3235 527 3280; x_wconf 81' lang='lat' dir='ltr'><strong>reo,</strong></span> <span class='ocrx_word' id='word_1_331' title='bbox 541 3233 633 3287; x_wconf 86' lang='lat' dir='ltr'><strong>neque</strong></span> <span class='ocrx_word' id='word_1_332' title='bbox 644 3215 803 3271; x_wconf 75' lang='lat' dir='ltr'><strong>inhaerendi</strong></span> <span class='ocrx_word' id='word_1_333' title='bbox 814 3218 957 3272; x_wconf 85' lang='lat' dir='ltr'><strong>notionem</strong></span> <span class='ocrx_word' id='word_1_334' title='bbox 972 3218 1127 3270; x_wconf 76' lang='lat' dir='ltr'><strong>absurdunt·</strong></span> <span class='ocrx_word' id='word_1_335' title='bbox 1139 3226 1184 3272; x_wconf 90' lang='lat' dir='ltr'><strong>est</strong></span> <span class='ocrx_word' id='word_1_336' title='bbox 1197 3218 1233 3270; x_wconf 86' lang='lat' dir='ltr'><strong>ad</strong></span> <span class='ocrx_word' id='word_1_337' title='bbox 1244 3223 1305 3270; x_wconf 78' lang='lat' dir='ltr'><strong>arri·</strong></span> 
     </span>
     <span class='ocr_line' id='line_1_37' title="bbox 253 3285 1304 3355; baseline -0.005 -14"><span class='ocrx_word' id='word_1_338' title='bbox 253 3303 329 3342; x_wconf 84' lang='lat' dir='ltr'><strong>nrum</strong></span> <span class='ocrx_word' id='word_1_339' title='bbox 343 3287 511 3342; x_wconf 80' lang='lat' dir='ltr'><strong>transferre.</strong></span> <span class='ocrx_word' id='word_1_340' title='bbox 550 3287 609 3340; x_wconf 76' lang='lat' dir='ltr'><strong>Cir.</strong></span> <span class='ocrx_word' id='word_1_341' title='bbox 630 3286 687 3353; x_wconf 87' lang='lat' dir='ltr'><strong>Xl,</strong></span> <span class='ocrx_word' id='word_1_342' title='bbox 707 3289 769 3340; x_wconf 82' lang='lat' dir='ltr'><strong>¹)..ti</strong></span> <span class='ocrx_word' id='word_1_343' title='bbox 804 3289 851 3338; x_wconf 88' lang='lat' dir='ltr'><strong>ubi</strong></span> <span class='ocrx_word' id='word_1_344' title='bbox 871 3285 999 3355; x_wconf 83' lang='lat' dir='ltr'><strong>proximo</strong></span> <span class='ocrx_word' id='word_1_345' title='bbox 1020 3285 1153 3340; x_wconf 85' lang='lat' dir='ltr'><strong>dicuutur</strong></span> <span class='ocrx_word' id='word_1_346' title='bbox 1172 3286 1304 3350; x_wconf 66' lang='lat' dir='ltr'><strong>excidere,</strong></span> 
     </span>
     <span class='ocr_line' id='line_1_38' title="bbox 251 3353 1360 3422; baseline -0.004 -12"><span class='ocrx_word' id='word_1_347' title='bbox 251 3365 344 3411; x_wconf 66' lang='lat' dir='ltr'><strong>aetna</strong></span> <span class='ocrx_word' id='word_1_348' title='bbox 359 3353 511 3408; x_wconf 68' lang='lat' dir='ltr'><strong>induerent.</strong></span> <span class='ocrx_word' id='word_1_349' title='bbox 541 3355 660 3408; x_wconf 74' lang='lat' dir='ltr'><strong>ibidem</strong></span> <span class='ocrx_word' id='word_1_350' title='bbox 674 3353 804 3408; x_wconf 82' lang='lat' dir='ltr'><strong>rnerourio</strong></span> <span class='ocrx_word' id='word_1_351' title='bbox 817 3371 925 3409; x_wconf 81' lang='lat' dir='ltr'><strong>monere</strong></span> <span class='ocrx_word' id='word_1_352' title='bbox 939 3353 1067 3417; x_wconf 84' lang='lat' dir='ltr'><strong>effertur,</strong></span> <span class='ocrx_word' id='word_1_353' title='bbox 1086 3355 1162 3422; x_wconf 90' lang='lat' dir='ltr'><strong>quod</strong></span> <span class='ocrx_word' id='word_1_354' title='bbox 1174 3353 1249 3408; x_wconf 87' lang='lat' dir='ltr'><strong>baud</strong></span> <span class='ocrx_word' id='word_1_355' title='bbox 1265 3359 1304 3406; x_wconf 89' lang='lat' dir='ltr'><strong>in-</strong></span> <span class='ocrx_word' id='word_1_356' title='bbox 1359 3355 1360 3368; x_wconf 63' lang='lat'>¹</span> 
     </span>
     <span class='ocr_line' id='line_1_39' title="bbox 254 3421 1306 3495; baseline -0.005 -16"><span class='ocrx_word' id='word_1_357' title='bbox 254 3432 321 3494; x_wconf 86' lang='lat' dir='ltr'><strong>epte</strong></span> <span class='ocrx_word' id='word_1_358' title='bbox 331 3439 504 3495; x_wconf 84' lang='lat' dir='ltr'><strong>comparare</strong></span> <span class='ocrx_word' id='word_1_359' title='bbox 516 3423 584 3478; x_wconf 84' lang='lat' dir='ltr'><strong>licet</strong></span> <span class='ocrx_word' id='word_1_360' title='bbox 597 3421 694 3478; x_wconf 79' lang='lat' dir='ltr'><strong>nostro</strong></span> <span class='ocrx_word' id='word_1_361' title='bbox 710 3421 859 3476; x_wconf 79' lang='lat' dir='ltr'><strong>irrd&#39;oerere.</strong></span> <span class='ocrx_word' id='word_1_362' title='bbox 878 3423 985 3491; x_wconf 51' lang='lat' dir='ltr'><strong>¹ltaque</strong></span> <span class='ocrx_word' id='word_1_363' title='bbox 999 3424 1023 3475; x_wconf 90' lang='lat' dir='ltr'><strong>si</strong></span> <span class='ocrx_word' id='word_1_364' title='bbox 1037 3423 1140 3488; x_wconf 84' lang='lat' dir='ltr'><strong>placet,</strong></span> <span class='ocrx_word' id='word_1_365' title='bbox 1156 3425 1306 3490; x_wconf 73' lang='lat' dir='ltr'><strong>supplens:</strong></span> 
     </span>
     <span class='ocr_line' id='line_1_40' title="bbox 254 3491 1303 3558; baseline -0.006 -11"><span class='ocrx_word' id='word_1_366' title='bbox 254 3492 385 3548; x_wconf 81' lang='lat' dir='ltr'><strong>memorio</strong></span> <span class='ocrx_word' id='word_1_367' title='bbox 398 3507 505 3556; x_wconf 75' lang='lat' dir='ltr'><strong>return,</strong></span> <span class='ocrx_word' id='word_1_368' title='bbox 536 3493 583 3544; x_wconf 81' lang='lat' dir='ltr'><strong>vel</strong></span> <span class='ocrx_word' id='word_1_369' title='bbox 604 3491 734 3548; x_wconf 82' lang='lat' dir='ltr'><strong>orernoriu</strong></span> <span class='ocrx_word' id='word_1_370' title='bbox 759 3491 881 3546; x_wconf 78' lang='lat' dir='ltr'><strong>intrueret</strong></span> <span class='ocrx_word' id='word_1_371' title='bbox 898 3491 984 3544; x_wconf 79' lang='lat' dir='ltr'><strong>redes.</strong></span> <span class='ocrx_word' id='word_1_372' title='bbox 1021 3491 1095 3542; x_wconf 92' lang='lat' dir='ltr'><strong>lllud</strong></span> <span class='ocrx_word' id='word_1_373' title='bbox 1117 3493 1303 3558; x_wconf 83' lang='lat' dir='ltr'><strong>probabilius.</strong></span> 
     </span>
    </p>

    <p class='ocr_par' dir='ltr' id='par_1_15' title="bbox 253 3557 1303 3636">
     <span class='ocr_line' id='line_1_41' title="bbox 253 3557 1303 3636; baseline -0.003 -23"><span class='ocrx_word' id='word_1_374' title='bbox 253 3565 267 3619; x_wconf 91' lang='lat'>1</span> <span class='ocrx_word' id='word_1_375' title='bbox 290 3565 346 3614; x_wconf 92' lang='lat' dir='ltr'><strong>itur</strong></span> <span class='ocrx_word' id='word_1_376' title='bbox 356 3563 381 3614; x_wconf 86' lang='lat' dir='ltr'><strong>si</strong></span> <span class='ocrx_word' id='word_1_377' title='bbox 393 3559 464 3616; x_wconf 86' lang='lat' dir='ltr'><strong>haec</strong></span> <span class='ocrx_word' id='word_1_378' title='bbox 475 3559 667 3636; x_wconf 65' lang='lat' dir='ltr'><strong>itadisputata</strong></span> <span class='ocrx_word' id='word_1_379' title='bbox 680 3561 903 3628; x_wconf 84' lang='lat' dir='ltr'><strong>nondispliceut,</strong></span> <span class='ocrx_word' id='word_1_380' title='bbox 917 3564 1008 3632; x_wconf 76' lang='lat' dir='ltr'><strong>locutu</strong></span> <span class='ocrx_word' id='word_1_381' title='bbox 1024 3560 1058 3612; x_wconf 87' lang='lat' dir='ltr'><strong>ad</strong></span> <span class='ocrx_word' id='word_1_382' title='bbox 1076 3557 1129 3614; x_wconf 90' lang='lat' dir='ltr'><strong>boc</strong></span> <span class='ocrx_word' id='word_1_383' title='bbox 1141 3561 1303 3627; x_wconf 83' lang='lat' dir='ltr'><strong>excruplnor</strong></span> 
     </span>
    </p>

    <p class='ocr_par' dir='ltr' id='par_1_16' title="bbox 117 3625 1303 3757">
     <span class='ocr_line' id='line_1_42' title="bbox 117 3625 1303 3705; baseline -0.005 -19"><span class='ocrx_word' id='word_1_384' title='bbox 117 3658 121 3668; x_wconf 82' lang='lat'><em>·</em></span> <span class='ocrx_word' id='word_1_385' title='bbox 175 3667 177 3670; x_wconf 95' lang='lat'>-</span> <span class='ocrx_word' id='word_1_386' title='bbox 255 3649 272 3686; x_wconf 85' lang='lat' dir='ltr'><strong>e</strong></span> <span class='ocrx_word' id='word_1_387' title='bbox 306 3645 389 3700; x_wconf 82' lang='lat' dir='ltr'><strong>ngas:</strong></span> <span class='ocrx_word' id='word_1_388' title='bbox 409 3645 473 3682; x_wconf 82' lang='lat' dir='ltr'><strong>nam</strong></span> <span class='ocrx_word' id='word_1_389' title='bbox 492 3636 518 3681; x_wconf 87' lang='lat' dir='ltr'><strong>et</strong></span> <span class='ocrx_word' id='word_1_390' title='bbox 535 3626 664 3682; x_wconf 70' lang='lat' dir='ltr'><strong>mortorio</strong></span> <span class='ocrx_word' id='word_1_391' title='bbox 678 3629 837 3698; x_wconf 82' lang='lat' dir='ltr'><strong>plerumque</strong></span> <span class='ocrx_word' id='word_1_392' title='bbox 853 3627 977 3683; x_wconf 75' lang='lat' dir='ltr'><strong>indueret</strong></span> <span class='ocrx_word' id='word_1_393' title='bbox 986 3625 1114 3705; x_wconf 78' lang='lat' dir='ltr'><strong>fidelior,</strong></span> <span class='ocrx_word' id='word_1_394' title='bbox 1138 3645 1207 3696; x_wconf 83' lang='lat' dir='ltr'><strong>quoe</strong></span> <span class='ocrx_word' id='word_1_395' title='bbox 1227 3631 1303 3682; x_wconf 81' lang='lat' dir='ltr'><strong>undu</strong></span> 
     </span>
     <span class='ocr_line' id='line_1_43' title="bbox 215 3695 1134 3757; baseline -0.005 -1"><span class='ocrx_word' id='word_1_396' title='bbox 215 3731 217 3734; x_wconf 95' lang='lat'>·</span> <span class='ocrx_word' id='word_1_397' title='bbox 253 3697 388 3757; x_wconf 72' lang='lat' dir='ltr'><strong>renitendi</strong></span> <span class='ocrx_word' id='word_1_398' title='bbox 398 3695 542 3752; x_wconf 74' lang='lat' dir='ltr'><strong>securitate</strong></span> <span class='ocrx_word' id='word_1_399' title='bbox 555 3699 675 3750; x_wconf 82' lang='lat' dir='ltr'><strong>laxator.</strong></span> <span class='ocrx_word' id='word_1_400' title='bbox 903 3735 905 3742; x_wconf 81' lang='lat'>·</span> <span class='ocrx_word' id='word_1_401' title='bbox 1125 3743 1134 3751; x_wconf 94' lang='lat'>.</span> 
     </span>
    </p>

    <p class='ocr_par' dir='ltr' id='par_1_17' title="bbox 323 3763 1303 3836">
     <span class='ocr_line' id='line_1_44' title="bbox 323 3763 1303 3836; baseline -0.003 -14"><span class='ocrx_word' id='word_1_402' title='bbox 323 3769 350 3836; x_wconf 72' lang='lat'><strong>§-</strong></span> <span class='ocrx_word' id='word_1_403' title='bbox 370 3767 398 3822; x_wconf 82' lang='lat'><strong>3.</strong></span> <span class='ocrx_word' id='word_1_404' title='bbox 434 3784 482 3819; x_wconf 78' lang='lat' dir='ltr'><strong>nor</strong></span> <span class='ocrx_word' id='word_1_405' title='bbox 496 3767 577 3818; x_wconf 81' lang='lat' dir='ltr'><strong>etiarn</strong></span> <span class='ocrx_word' id='word_1_406' title='bbox 591 3765 748 3836; x_wconf 81' lang='lat' dir='ltr'><strong>cogitantes.</strong></span> <span class='ocrx_word' id='word_1_407' title='bbox 782 3767 896 3820; x_wconf 87' lang='lat' dir='ltr'><strong>lenson.</strong></span> <span class='ocrx_word' id='word_1_408' title='bbox 911 3765 1043 3833; x_wconf 84' lang='lat' dir='ltr'><strong>praebet:</strong></span> <span class='ocrx_word' id='word_1_409' title='bbox 1068 3763 1259 3834; x_wconf 83' lang='lat' dir='ltr'><strong>incogitantes,</strong></span> <span class='ocrx_word' id='word_1_410' title='bbox 1273 3773 1303 3819; x_wconf 85' lang='lat' dir='ltr'><strong>cl</strong></span> 
     </span>
    </p>

    <p class='ocr_par' dir='ltr' id='par_1_18' title="bbox 201 3829 1303 3908">
     <span class='ocr_line' id='line_1_45' title="bbox 201 3829 1303 3908; baseline 0.001 -22"><span class='ocrx_word' id='word_1_411' title='bbox 201 3863 203 3870; x_wconf 95' lang='lat'>·</span> <span class='ocrx_word' id='word_1_412' title='bbox 254 3831 451 3908; x_wconf 60' lang='lat' dir='ltr'><strong>prosternente</strong></span> <span class='ocrx_word' id='word_1_413' title='bbox 465 3829 527 3888; x_wconf 77' lang='lat' dir='ltr'><strong>lid.</strong></span> <span class='ocrx_word' id='word_1_414' title='bbox 546 3837 592 3906; x_wconf 91' lang='lat' dir='ltr'><strong>qui</strong></span> <span class='ocrx_word' id='word_1_415' title='bbox 608 3839 727 3898; x_wconf 73' lang='lat' dir='ltr'><strong>struant</strong></span> <span class='ocrx_word' id='word_1_416' title='bbox 739 3836 777 3884; x_wconf 84' lang='lat' dir='ltr'><strong>iu:</strong></span> <span class='ocrx_word' id='word_1_417' title='bbox 798 3833 852 3888; x_wconf 65' lang='lat' dir='ltr'><strong>ned</strong></span> <span class='ocrx_word' id='word_1_418' title='bbox 869 3832 952 3904; x_wconf 73' lang='lat' dir='ltr'><strong>cogit.</strong></span> <span class='ocrx_word' id='word_1_419' title='bbox 989 3835 1146 3904; x_wconf 82' lang='lat' dir='ltr'><strong>Utrumque</strong></span> <span class='ocrx_word' id='word_1_420' title='bbox 1167 3849 1303 3901; x_wconf 83' lang='lat' dir='ltr'><strong>respuen-</strong></span> 
     </span>
    </p>

    <p class='ocr_par' dir='ltr' id='par_1_19' title="bbox 194 3903 1311 4318">
     <span class='ocr_line' id='line_1_46' title="bbox 194 3903 1303 3971; baseline 0.003 -18"><span class='ocrx_word' id='word_1_421' title='bbox 194 3940 197 3953; x_wconf 69' lang='grc'>,</span> <span class='ocrx_word' id='word_1_422' title='bbox 255 3907 337 3968; x_wconf 81' lang='lat' dir='ltr'><strong>duur3</strong></span> <span class='ocrx_word' id='word_1_423' title='bbox 350 3903 419 3958; x_wconf 88' lang='lat' dir='ltr'><strong>illud</strong></span> <span class='ocrx_word' id='word_1_424' title='bbox 434 3906 507 3958; x_wconf 87' lang='lat' dir='ltr'><strong>eninr</strong></span> <span class='ocrx_word' id='word_1_425' title='bbox 522 3903 597 3956; x_wconf 86' lang='lat' dir='ltr'><strong>unde</strong></span> <span class='ocrx_word' id='word_1_426' title='bbox 611 3905 777 3966; x_wconf 68' lang='lat' dir='ltr'><strong>ertatunrsit</strong></span> <span class='ocrx_word' id='word_1_427' title='bbox 798 3911 892 3970; x_wconf 79' lang='lat' dir='ltr'><strong>patet3</strong></span> <span class='ocrx_word' id='word_1_428' title='bbox 910 3903 963 3958; x_wconf 86' lang='lat' dir='ltr'><strong>boe</strong></span> <span class='ocrx_word' id='word_1_429' title='bbox 978 3921 1032 3956; x_wconf 87' lang='lat' dir='ltr'><strong>uun</strong></span> <span class='ocrx_word' id='word_1_430' title='bbox 1047 3914 1110 3954; x_wconf 82' lang='lat' dir='ltr'><strong>erut</strong></span> <span class='ocrx_word' id='word_1_431' title='bbox 1123 3905 1303 3971; x_wconf 74' lang='lat' dir='ltr'><strong>corrigentis,</strong></span> 
     </span>
     <span class='ocr_line' id='line_1_47' title="bbox 255 3972 1301 4044; baseline -0.007 -16"><span class='ocrx_word' id='word_1_432' title='bbox 255 3975 308 4028; x_wconf 85' lang='lat' dir='ltr'><strong>sod</strong></span> <span class='ocrx_word' id='word_1_433' title='bbox 322 3972 440 4026; x_wconf 82' lang='lat' dir='ltr'><strong>creduli.</strong></span> <span class='ocrx_word' id='word_1_434' title='bbox 453 4001 484 4012; x_wconf 86' lang='lat'><strong>·-</strong></span> <span class='ocrx_word' id='word_1_435' title='bbox 505 3973 631 4042; x_wconf 72' lang='lat' dir='ltr'><strong>lingendo</strong></span> <span class='ocrx_word' id='word_1_436' title='bbox 644 3972 694 4024; x_wconf 80' lang='lat' dir='ltr'><strong>oio.</strong></span> <span class='ocrx_word' id='word_1_437' title='bbox 729 3972 770 4022; x_wconf 88' lang='lat' dir='ltr'><strong>ltu</strong></span> <span class='ocrx_word' id='word_1_438' title='bbox 782 3972 927 4044; x_wconf 77' lang='lat' dir='ltr'><strong>Spalding.</strong></span> <span class='ocrx_word' id='word_1_439' title='bbox 948 3975 1119 4025; x_wconf 78' lang='lat' dir='ltr'><strong>sordentium</strong></span> <span class='ocrx_word' id='word_1_440' title='bbox 1143 3981 1171 4022; x_wconf 80' lang='lat' dir='ltr'><strong>rt</strong></span> <span class='ocrx_word' id='word_1_441' title='bbox 1192 3975 1301 4024; x_wconf 72' lang='lat' dir='ltr'><strong>oratio-</strong></span> 
     </span>
     <span class='ocr_line' id='line_1_48' title="bbox 255 4039 1300 4110; baseline -0.004 -13"><span class='ocrx_word' id='word_1_442' title='bbox 255 4039 320 4097; x_wconf 83' lang='lat' dir='ltr'><strong>rieur</strong></span> <span class='ocrx_word' id='word_1_443' title='bbox 337 4042 483 4110; x_wconf 81' lang='lat' dir='ltr'><strong>scriptoris</strong></span> <span class='ocrx_word' id='word_1_444' title='bbox 495 4041 613 4104; x_wconf 83' lang='lat' dir='ltr'><strong>adiurit,</strong></span> <span class='ocrx_word' id='word_1_445' title='bbox 630 4056 714 4110; x_wconf 86' lang='lat' dir='ltr'><strong>quunr</strong></span> <span class='ocrx_word' id='word_1_446' title='bbox 732 4043 760 4090; x_wconf 88' lang='lat' dir='ltr'><strong>in</strong></span> <span class='ocrx_word' id='word_1_447' title='bbox 775 4043 891 4108; x_wconf 84' lang='lat' dir='ltr'><strong>reliquis</strong></span> <span class='ocrx_word' id='word_1_448' title='bbox 906 4047 995 4108; x_wconf 79' lang='lat' dir='ltr'><strong>esset:</strong></span> <span class='ocrx_word' id='word_1_449' title='bbox 1014 4055 1061 4090; x_wconf 83' lang='lat' dir='ltr'><strong>usn</strong></span> <span class='ocrx_word' id='word_1_450' title='bbox 1078 4057 1126 4108; x_wconf 80' lang='lat' dir='ltr'><strong>pro</strong></span> <span class='ocrx_word' id='word_1_451' title='bbox 1141 4039 1196 4100; x_wconf 76' lang='lat' dir='ltr'><strong>nis,-</strong></span> <span class='ocrx_word' id='word_1_452' title='bbox 1218 4042 1300 4107; x_wconf 82' lang='lat' dir='ltr'><strong>idque</strong></span> 
     </span>
     <span class='ocr_line' id='line_1_49' title="bbox 256 4105 1301 4170; baseline -0.008 -5"><span class='ocrx_word' id='word_1_453' title='bbox 256 4111 361 4166; x_wconf 78' lang='lat' dir='ltr'><strong>facturn</strong></span> <span class='ocrx_word' id='word_1_454' title='bbox 379 4117 424 4162; x_wconf 83' lang='lat' dir='ltr'><strong>est</strong></span> <span class='ocrx_word' id='word_1_455' title='bbox 433 4109 618 4162; x_wconf 80' lang='lat' dir='ltr'><strong>suadentibus</strong></span> <span class='ocrx_word' id='word_1_456' title='bbox 632 4105 713 4162; x_wconf 85' lang='lat' dir='ltr'><strong>codd.</strong></span> <span class='ocrx_word' id='word_1_457' title='bbox 727 4109 796 4160; x_wconf 80' lang='lat' dir='ltr'><strong>Tur.</strong></span> <span class='ocrx_word' id='word_1_458' title='bbox 819 4117 848 4162; x_wconf 82' lang='lat' dir='ltr'><strong>ct</strong></span> <span class='ocrx_word' id='word_1_459' title='bbox 863 4109 939 4162; x_wconf 69' lang='lat' dir='ltr'><strong>tior.</strong></span> <span class='ocrx_word' id='word_1_460' title='bbox 981 4108 1053 4170; x_wconf 75' lang='lat' dir='ltr'><strong>Quid</strong></span> <span class='ocrx_word' id='word_1_461' title='bbox 1072 4109 1097 4164; x_wconf 87' lang='lat' dir='ltr'><strong>lr.</strong></span> <span class='ocrx_word' id='word_1_462' title='bbox 1113 4110 1131 4158; x_wconf 93' lang='lat' dir='ltr'><strong>l.</strong></span> <span class='ocrx_word' id='word_1_463' title='bbox 1156 4113 1194 4160; x_wconf 86' lang='lat' dir='ltr'><strong>sit</strong></span> <span class='ocrx_word' id='word_1_464' title='bbox 1213 4110 1301 4160; x_wconf 77' lang='lat' dir='ltr'><strong>couti-</strong></span> 
     </span>
     <span class='ocr_line' id='line_1_50' title="bbox 255 4175 1299 4248; baseline -0.007 -14"><span class='ocrx_word' id='word_1_465' title='bbox 255 4176 333 4245; x_wconf 77' lang='lat' dir='ltr'><strong>n&#39;ere,</strong></span> <span class='ocrx_word' id='word_1_466' title='bbox 358 4181 464 4248; x_wconf 85' lang='lat' dir='ltr'><strong>optime</strong></span> <span class='ocrx_word' id='word_1_467' title='bbox 478 4176 610 4240; x_wconf 79' lang='lat' dir='ltr'><strong>Quinctil.</strong></span> <span class='ocrx_word' id='word_1_468' title='bbox 627 4179 688 4246; x_wconf 89' lang='lat' dir='ltr'><strong>ipse</strong></span> <span class='ocrx_word' id='word_1_469' title='bbox 704 4177 827 4246; x_wconf 57' lang='lat' dir='ltr'><strong>explicat</strong></span> <span class='ocrx_word' id='word_1_470' title='bbox 846 4177 920 4230; x_wconf 76' lang='lat' dir='ltr'><strong>iufra</strong></span> <span class='ocrx_word' id='word_1_471' title='bbox 940 4193 962 4228; x_wconf 80' lang='lat' dir='ltr'><strong>c.</strong></span> <span class='ocrx_word' id='word_1_472' title='bbox 979 4179 1007 4235; x_wconf 83' lang='grc'>1,</span> <span class='ocrx_word' id='word_1_473' title='bbox 1027 4175 1078 4230; x_wconf 77' lang='grc'><strong>21,</strong></span> <span class='ocrx_word' id='word_1_474' title='bbox 1108 4193 1162 4228; x_wconf 89' lang='lat' dir='ltr'><strong>nou</strong></span> <span class='ocrx_word' id='word_1_475' title='bbox 1194 4181 1299 4229; x_wconf 71' lang='lat' dir='ltr'><strong>utiturn-</strong></span> 
     </span>
     <span class='ocr_line' id='line_1_51' title="bbox 255 4243 1311 4318; baseline -0.009 -11"><span class='ocrx_word' id='word_1_476' title='bbox 255 4247 350 4307; x_wconf 77' lang='lat' dir='ltr'><strong>nodio</strong></span> <span class='ocrx_word' id='word_1_477' title='bbox 363 4248 512 4304; x_wconf 71' lang='lat' dir='ltr'><strong>oontiamr</strong></span> <span class='ocrx_word' id='word_1_478' title='bbox 524 4243 595 4300; x_wconf 86' lang='lat' dir='ltr'><strong>haec</strong></span> <span class='ocrx_word' id='word_1_479' title='bbox 607 4245 727 4300; x_wconf 82' lang='lat' dir='ltr'><strong>incultas</strong></span> <span class='ocrx_word' id='word_1_480' title='bbox 739 4249 821 4318; x_wconf 79' lang='lat' dir='ltr'><strong>quior</strong></span> <span class='ocrx_word' id='word_1_481' title='bbox 837 4254 962 4316; x_wconf 74' lang='lat' dir='ltr'><strong>protatur.</strong></span> <span class='ocrx_word' id='word_1_482' title='bbox 997 4245 1053 4299; x_wconf 77' lang='lat' dir='ltr'><strong>Sed</strong></span> <span class='ocrx_word' id='word_1_483' title='bbox 1075 4249 1208 4314; x_wconf 86' lang='lat' dir='ltr'><strong>quouiaru</strong></span> <span class='ocrx_word' id='word_1_484' title='bbox 1224 4243 1311 4299; x_wconf 82' lang='lat' dir='ltr'><strong>lorus·</strong></span> 
     </span>
    </p>
   </div>
   <div class='ocr_carea' id='block_1_4' title="bbox 0 0 1382 4846">
    <p class='ocr_par' dir='ltr' id='par_1_20' title="bbox 0 0 1382 4846">
     <span class='ocr_line' id='line_1_52' title="bbox 0 0 1382 4846; baseline 0 0"><span class='ocrx_word' id='word_1_485' title='bbox 0 0 1382 4846; x_wconf 95' lang='lat' dir='ltr'><strong> </strong></span> 
     </span>
    </p>
   </div>
  </div>
 </body>
</html>
