2742 4846
262 260 313 368 cu
529 277 566 325 s.
592 275 688 340 aaa
714 231 1045 348 ortuc'rrursrt
1198 337 1206 349 ,

262 452 359 522 mam
372 429 559 518 cogitationi
577 447 702 495 moram
717 437 780 496 uon
796 447 996 520 woseqaeus
1020 430 1226 498 celeritatem
1254 435 1332 500 eius
1369 435 1370 504 i

179 595 186 606 ,
263 555 396 602 manus:
421 531 498 614 ille,
525 531 578 596 cui
603 530 781 612 dictamus,
809 509 931 618 uiget:
948 549 1042 620 atque
1063 537 1203 618 interim·
1225 527 1334 624 pudet
1369 505 1370 548 ¹

265 643 362 704 ctiam
381 636 529 730 dubitare
546 631 767 698 aut'resistere
783 649 837 700 aut
859 651 1006 718 mutare,
1031 642 1125 724 quasi
1147 643 1330 706 conscium

217 750 253 806 ω
267 740 462 834 infirmitatis
475 751 605 803 nostrae
623 738 786 802 timentes.
838 734 911 814 Quo
926 737 981 820 fit,
1003 753 1039 805 ut
1055 739 1121 808 oo'n
1137 743 1240 808 mdia
1254 757 1332 809 tan·

335 939 361 1008 p.
378 937 431 992 20.
465 931 574 986 otiam
585 931 632 985 ille
654 928 703 1001 psi
726 931 828 1002 excipit
853 931 881 988 ci
897 932 1003 990 tardior
1023 935 1163 990 scribendo
1181 945 1238 991 aut
1255 934 1332 992 iner-

267 1003 331 1067 ιίον,
352 1003 406 1074 (is)
425 1003 538 1074 legendo
555 1003 627 1055 oslac
652 999 804 1070 offensam
826 1003 926 1075 suerii.
947 1005 1054 1058 'Locos
1079 1008 1115 1059 ab
1140 1008 1211 1061 aliis
1237 1010 1331 1061 aliter

266 1081 411 1138 tentatus,
429 1089 520 1144 neque
532 1074 557 1124 si
595 1069 644 1124 uid
661 1072 800 1137 viderim,
816 1073 855 1126 ad
874 1075 1069 1144 integritatem
1094 1079 1136 1128 sio
1156 1080 1332 1138 restitutus,

266 1150 300 1196 ut
324 1137 362 1195 lis
379 1142 535 1209 composita
549 1089 690 1194 videatur.
723 1141 756 1192 ln
776 1147 898 1210 quatuor
927 1143 1104 1210 potissimum
1123 1144 1332 1198 discesserunt

265 1220 366 1294 partes
384 1211 438 1262 riri
452 1209 516 1263 ill).
554 1207 679 1261 Primum
690 1210 807 1278 volgata
820 1209 1008 1263 exhibebatur
1024 1212 1111 1265 lectio
1130 1211 1223 1266 baec:
1240 1223 1277 1266 at
1290 1213 1330 1265 id.

266 1281 313 1334 sile
349 1294 433 1334 ,cxc
458 1275 564 1329 ricard.
583 1275 706 1329 inrerib
727 1285 776 1329 aut
792 1277 866 1330 iser!
888 1278 918 1332 iu
940 1280 995 1350 leg.
1018 1281 1093 1333 relat
1113 1280 1331 1351 offensator

259 1349 359 1424 suern.
394 1347 434 1400 tt>
447 1345 491 1398 bis
510 1345 606 1420 paulin
630 1345 761 1398 diversus
779 1345 925 1416 Spalding.
943 1350 1036 1401 locum
1055 1351 1096 1401 ita
1111 1351 1221 1418 refingi
1248 1352 1330 1404 role-

266 1421 328 1470 bat:
355 1414 380 1467 ti
398 1415 468 1470 card.
487 1414 626 1466 acmbndo
638 1416 712 1478 (sirc
733 1413 764 1466 ἐκ
782 1415 878 1479 scrib.)
897 1423 947 1468 arri
961 1415 1091 1470 incertior
1108 1425 1135 1469 ct
1153 1419 1274 1472 delendo
1287 1436 1330 1471 oe·

213 1543 219 1556 ,
268 1487 309 1546 inc
322 1483 472 1553 offensator
487 1482 552 1550 suit.
587 1482 716 1536 Frutscb.
732 1484 780 1552 qui
801 1484 917 1536 uberius
930 1489 1069 1540 rationem
1087 1503 1167 1540 suam
1182 1492 1329 1556 exposuit

267 1558 298 1608 in
317 1554 413 1614 libello
431 1552 570 1622 singulari
589 1553 739 1620 inscripto:
759 1550 921 1605 Observatt.
939 1557 1055 1608 criticae
1074 1555 1103 1607 iu
1121 1557 1227 1625 quoad.
1244 1559 1328 1610 locos

264 1621 500 1689 Quinctil-lips.
522 1621 609 1674 1826.
626 1625 656 1688 pi
675 1621 775 1688 1⁷.sp.
794 1622 887 1674 locuni
907 1621 1027 1677 inbono
1044 1619 1172 1677 ordinem
1191 1625 1331 1695 redegit,

244 1697 248 1704 '
264 1694 364 1763 ¹verbis
380 1690 428 1758 qui
444 1689 546 1758 excipit
562 1690 641 1741 uncis
659 1689 790 1741 inclusis:
813 1689 862 1758 qni
881 1684 951 1742 cord.
968 1691 1049 1745 scrib.
1072 1701 1123 1744 cut
1136 1692 1279 1746 incertior
1303 1701 1330 1745 et

268 1761 406 1832 diligendo
417 1761 491 1811 velot
504 1755 666 1827 offerantur.
700 1757 849 1812 Postremo
863 1776 918 1814 non
931 1760 1079 1814 reticenda
1090 1763 1243 1816 sententia
1257 1765 1328 1817 Cen-

267 1846 325 1888 sor.
343 1831 477 1894 Quinctil.
493 1827 688 1896 spatdtugian.
703 1828 849 1897 aliquanto
868 1829 1022 1882 audaciora
1037 1838 1068 1882 ac
1082 1829 1152 1882 idem
1168 1829 1220 1882 ille
1241 1833 1326 1900 (scil.

265 1905 391 1974 impetus
407 1899 573 1961 dicentium)
590 1891 693 1962 excipit
706 1893 811 1948 tardior
831 1906 882 1949 aut
902 1895 1032 1950 brunner
1056 1901 1131 1951 reiut
1151 1897 1325 1968 offensurus,

268 1983 349 2040 acque
361 1968 448 2026 omnir
461 1975 515 2024 eto.
533 1965 643 2036 Nempe
655 1963 860 2038 conditionalem
867 1966 1063 2033 particularia
1077 1970 1221 2036 scriptore
1238 1973 1325 2022 ornis·

268 2041 455 2096 sam'credas.
488 2038 584 2094 Minus
602 2033 805 2117 duraidecqne
824 2035 1133 2118 tolerabilior-‚ridetur
1149 2039 1325 2118 coniectura
1367 2091 1368 2100 ¹

253 2103 1325 2257 ·cti?tittibitistit”radiabatbaitraba?c.

267 2262 424 2318 purcman
439 2255 489 2300 etc.
531 2245 640 2299 Nostra
663 2244 794 2297 dedimus
818 2245 855 2298 de
879 2246 1058 2306 coniectura,
1079 2244 1158 2296 cuius
1186 2247 1323 2296 rationes

184 2345 198 2372 l
266 2315 444 2370 reddidimus
463 2313 500 2366 ad
516 2329 591 2367 rers.
610 2313 706 2366 Germ.
725 2329 751 2381 p.
772 2330 798 2380 p.
819 2315 890 2367 161.
914 2313 980 2369 Not.
1004 2313 1054 2367 89.
1087 2312 1130 2365 bd
1147 2311 1322 2366 Frotscberi

267 2385 439 2440 seutentiam
455 2385 545 2450 nuper
561 2382 686 2434 accessit
698 2380 871 2439 Gernlantd..
889 2383 995 2436 Contra
1005 2382 1116 2449 Zumpt.
1133 2395 1235 2434 reram
1252 2383 1320 2434 sori·

266 2461 380 2536 pturam
395 2459 493 2504 censet
512 2447 661 2518 offensator
671 2448 773 2520 faerit,
796 2465 831 2506 ac
854 2459 1016 2518 praestare:
1038 2449 1143 2504 tardim
1162 2448 1249 2506 scrib.
1273 2455 1321 2501 aut

224 2585 229 2592 ‚
265 2521 395 2576 incertior
406 2519 527 2590 legendo.
561 2521 604 2590 lle
621 2521 752 2572 Codicum
767 2522 939 2574 tertirtmniis
952 2521 977 2572 si
991 2522 1054 2590 quis
1074 2523 1196 2588 quaerit,
1211 2522 1236 2571 ii
1249 2517 1321 2572 baec

243 2593 329 2662 ,sere
343 2589 494 2643 exhibent:
518 2592 550 2641 et
572 2585 719 2656 diligendo.
754 2587 823 2644 Tur.
848 2587 924 2643 Flor.
949 2589 1019 2640 blm.
1042 2604 1097 2643 om.
1117 2596 1151 2639 et.
1175 2586 1320 2642 incertior.

152 2695 160 2706 .
235 2695 238 2708 .
266 2662 311 2714 iid
343 2675 404 2711 curn
420 2655 511 2710 (duell
536 2657 716 2720 et.lntbr,2.
749 2653 797 2707 uit.
838 2657 908 2708 Tur.
931 2655 1123 2710 FlemGuelf.
1140 2659 1224 2712 Voss.
1243 2659 1318 2710 l.-

268 2730 331 2792 Quc
351 2729 443 2779 minus
460 2722 610 2793 offensator
627 2738 689 2776 oum
713 2723 859 2792 spalding.
882 2727 1074 2790 retineamus,
1099 2725 1196 2778 rcl'id
1221 2725 1319 2794 probi·

266 2799 327 2862 bet,
350 2796 426 2866 quud
445 2793 605 2846 huiusmodi
622 2789 826 2862 ἆπαξὶεγὸμενον
840 2809 931 2862 neque
949 2811 1030 2863 usurn
1042 2793 1128 2846 babet
1143 2801 1271 2858 testem,
1291 2801 1318 2848 et

175 2921 184 2934 κ
288 2870 334 2920 uia
354 2865 522 2932 sittrplioiter
542 2863 647 2914 dictum
668 2878 723 2914 non
741 2861 839 2913 addito
858 2865 974 2930 generis
991 2865 1038 2914 rel
1053 2865 1162 2930 speciei
1187 2866 1316 2926 nomine,

267 2883 371 3004 lriget3
398 2943 484 3001 atque
509 2933 562 3000 ipsi
583 2930 699 2998 imagini
725 2929 836 2998 illepidi
866 2929 933 2998 quid
958 2930 1076 2984 subesse
1101 2929 1222 2984 ridetur.
1262 2931 1318 2984 Sed

219 3051 221 3059 .
268 3003 344 3074 quod
362 3009 495 3070 tanquam
513 3000 668 3052 clausulam
687 2997 813 3050 additum
833 3001 980 3051 existimet
992 3000 1102 3060 lector,
1122 2999 1316 3068 quamsemel

267 3075 494 3126 coniecturarum
526 3083 641 3134 campus
672 3072 786 3134 pateat,
814 3081 962 3120 monemur
985 3068 1125 3136 particula
1153 3075 1192 3129 et,
1229 3085 1316 3137 quant

268 3148 433 3200 constanter
449 3143 567 3192 serrant
584 3135 650 3187 libri
669 3136 778 3202 optinui,
794 3141 891 3187 uttrcr
909 3137 1085 3201 potissimum
1099 3137 1315 3190 criminationes

267 3205 296 3262 b.
315 3211 333 3264 Ι,
355 3209 523 3274 ascriptore
541 3202 696 3274 significari
713 3209 853 3271 putemus,
871 3203 972 3272 quibus
984 3204 1099 3259 obnoxii
1118 3220 1184 3256 esso
1204 3209 1315 3273 possint

268 3277 390 3330 scribae.
408 3274 559 3328 Suntenint
576 3273 620 3325 rel
632 3269 795 3340 tardigradi
805 3274 845 3324 ita
858 3281 891 3324 ut
900 3281 1007 3324 rnorain
1017 3273 1313 3336 iaciantdictanti,vei

216 3385 220 3393 .
266 3344 426 3398 inerterboc
444 3351 498 3407 est,
517 3341 641 3410 imperiti
653 3347 684 3392 et
695 3342 723 3391 in
736 3347 799 3408 arte
814 3355 866 3392 sus
874 3343 993 3404 tirones,
1011 3342 1058 3394 rel
1075 3342 1178 3394 malam
1192 3343 1273 3396 illam
1286 3349 1313 3392 et

197 3433 203 3446 ‘
240 3457 242 3464 .
266 3415 399 3468 vitiosam
415 3419 445 3464 et
458 3425 568 3490 quasa
585 3409 680 3462 scriba
695 3407 800 3462 abesse
817 3408 922 3462 debeat
941 3410 1176 3462 consuetudinem
1192 3426 1311 3480 sequun-

266 3490 322 3547 tur,
344 3491 375 3534 ut
396 3481 502 3533 dictata
519 3485 549 3532 et
568 3483 641 3548 quac
664 3478 758 3529 literis
778 3477 996 3544 descripserint,
1019 3477 1159 3547 relegant,
1184 3478 1311 3532 bontines

267 3553 379 3605 scilicet
391 3565 486 3604 rerum
500 3547 604 3600 curiosi
619 3559 693 3616 quaa
709 3545 792 3599 adse
807 3561 863 3598 non
881 3547 1052 3611 pertineant,
1068 3561 1102 3598 ac
1116 3550 1311 3601 temerarii.-

218 3628 221 3634 '
259 3620 324 3686 ,Sed
341 3621 396 3672 iam
425 3619 512 3680 satis3
538 3617 636 3684 itaque
657 3629 771 3666 manum
792 3613 828 3665 de
849 3613 957 3667 tabula.
972 3639 1006 3654 —-·
1031 3623 1181 3682 conceptae.
1223 3617 1336 3678 Quum·

267 3704 367 3743 omnes
379 3686 444 3740 libri
463 3687 620 3754 persistant
634 3684 665 3734 in
681 3681 735 3734 bac
745 3681 876 3734 vocabuli
890 3682 993 3745 forma,
1008 3683 1166 3738 cedendum
1183 3698 1310 3752 canopu-

265 3764 361 3810 tamus
376 3757 495 3818 maiori,
511 3753 679 3822 praesertim
699 3766 784 3820 quum
804 3751 935 3819 quaesit
956 3760 1083 3818 concepta
1105 3768 1178 3804 mens
1197 3759 1228 3807 ut
1245 3767 1307 3805 usus

265 3825 400 3896 loquendi
414 3824 525 3886 doceat,
543 3826 573 3873 et
592 3816 703 3872 intentio
722 3825 850 3886 concepta
867 3819 976 3888 aliquid
994 3819 1202 3874 redundantiae
1220 3829 1248 3875 et
1263 3825 1306 3873 iru-

157 3917 170 3930 ··
265 3895 372 3964 proprii
391 3892 509 3947 babeat*
541 3889 614 3944 Vide
629 3890 653 3940 si
668 3889 793 3956 placeto
814 3885 895 3939 nobis
914 3887 1051 3939 adnotata
1071 3891 1108 3942 ad
1127 3907 1202 3944 vers.
1219 3891 1306 3943 Germ.

266 3979 292 4032 p.
310 3960 379 4016 103.
399 3960 563 4030 quibuscum
577 3957 717 4021 conteras,
732 3951 929 4013 semideamur
948 3956 1084 4015 iudicium
1105 3959 1222 4012 lectoris
1245 3971 1305 4026 prae

265 4045 429 4098 occupasse,
441 4028 539 4081 Daris.
555 4025 591 4078 ad
606 4027 663 4078 Cic.
681 4024 717 4080 N.
734 4024 772 4076 D·
786 4025 808 4088 l,
827 4025 856 4078 2.
878 4031 908 4076 et
926 4023 986 4076 Ecl.
1001 4027 1058 4077 Cic.
1077 4041 1103 4094 p.
1117 4027 1167 4081 ³³.
1184 4028 1248 4092 edit.
1263 4027 1304 4077 lli.

265 4100 314 4154 ubi
327 4104 476 4166 teguntur:
502 4094 531 4147 in
545 4093 634 4162 specie
643 4091 732 4164 fictae
749 4089 938 4146 maculationis.
964 4089 1105 4162 al.fictn.‘
1128 4098 1258 4149 ceterum
1273 4109 1302 4145 nc

265 4171 329 4241 quis
343 4167 462 4222 baereat
479 4165 510 4220 in
528 4164 606 4220 rerbt
617 4170 748 4218 excutere
763 4163 881 4234 propria
898 4160 1125 4240 significatione,
1148 4179 1238 4236 caque
1254 4179 1302 4218 ma·
