2742 4846
172 339 447 394 rusrrnvuu.
471 335 597 386 onir.
623 337 703 390 ιιι.
729 337 765 388 x.
791 339 881 388 cue.
906 339 972 388 ιιι
1051 323 1099 392 65

36 497 125 568 coeli
146 495 316 576 libertas,
355 475 500 560 locorum
531 491 726 572 amoenitas,
757 489 929 560 sublimem
959 496 1101 560 animum

36 621 70 670 et
83 603 283 668 beatiorem
305 599 451 684 spiritum
469 609 593 681 parent.
651 593 737 660 Mihi
757 609 844 661 certe
869 598 1023 662 iucundus
1047 597 1101 668 bie
1114 611 1151 670 ιι
1250 661 1257 673 ,

37 707 150 794 magis
175 697 284 790 quam
310 699 485 766 studiorum
511 695 655 786 hortator
690 697 815 764 videtur
846 719 920 764 esse
946 721 1101 766 secessus.

39 809 197 894 Namque
231 805 297 870 illa
332 825 415 890 quae
436 803 509 886 ipsa
529 799 708 880 delectant,
735 822 868 872 necesse
894 816 942 868 est
967 818 1102 869 avocent

39 912 85 978 ab
117 911 312 977 intentione
343 897 450 992 operis
477 904 639 968 destinati.
694 900 921 990 Neque-enim
953 927 989 972 se
1015 903 1102 970 bona

40 1016 106 1080 fide
136 1016 175 1077 in
211 1009 339 1076 multa*
359 1005 456 1072 simul
492 1006 658 1072 intendere
691 1008 816 1071 animus
841 1020 942 1074 totum
979 1023 1111 1094 potest:¹
1208 1066 1212 1076 ,

31 1125 76 1184 ἰι
98 1101 300 1207 quoeunque
322 1112 484 1197 respexit,
518 1110 636 1174 desinit
655 1111 772 1174 intueri
799 1110 883 1198 quod
904 1115 1103 1198 propositum

9 1263 11 1270 ’
44 1279 145 1334 invitis
168 1275 270 1330 codd.
284 1289 328 1328 ,ex
348 1273 512 1331 coniectura
539 1269 673 1324 dederat:
702 1268 787 1338 amai.
827 1271 908 1335 Quae
928 1279 1028 1328 eontra
1047 1274 1104 1326 dis-

47 1350 141 1401 seruit
153 1343 375 1411 Frotscb0quid
393 1345 531 1410 spectent,
542 1339 661 1393 videbis.
697 1329 788 1408 Atque*
799 1355 897 1396 verum
914 1357 996 1407 esse,
1015 1359 1104 1396 unum

46 1415 309 1468 Ciceronislooum
323 1416 427 1463 testem
437 1409 538 1471 babeo,
570 1424 606 1460 uo
617 1408 782 1472 similiorem
797 1414 951 1465 nostrovix
965 1413 1105 1480 reperies.

46 1487 100 1536 Est
113 1484 152 1536 ad
166 1485 240 1536 Diu.
252 1481 304 1546 lli,
320 1480 368 1542 lb,
385 1479 443 1532 13Γ
464 1476 552 1544 Atque
581 1493 613 1530 oc
626 1474 709 1530 nolim
723 1475 964 1548 metuent-ipone,
977 1489 1007 1533 et
1020 1482 1043 1532 si
1057 1482 1105 1532 cui

52 1550 255 1622 comparanda
277 1555 322 1602 est
338 1547 478 1618 particula
493 1546 559 1608 aiii,
584 1547 650 1598 erit:
677 1553 704 1596 et
719 1544 843 1613 quideme
868 1551 913 1601 cui
929 1549 1105 1617 respondent

48 1638 121 1692 quae
134 1623 319 1688 sequuntur:
337 1623 501 1668 nontamen.
537 1614 618 1666 inest
630 1615 674 1665 vis
689 1613 868 1680 aeramenti,
879 1620 921 1670 ita
933 1623 965 1669 ut
975 1623 1107 1684 exaequet

51 1688 271 1759 quodammodo
283 1692 309 1736 ιι
319 1700 394 1736 sane.
429 1683 557 1736 Eandem
572 1683 762 1736 conditionem
776 1685 899 1738 vidimus
910 1701 974 1739 ιιιι
990 1687 1047 1739 loci
1059 1699 1105 1741 eu·
1213 1689 1233 1724 ·'

51 1751 552 1896 ii‘tiit2‘522i-ttdii3m0ii
568 1751 676 1882 itit}
689 1753 1106 1940 lifieii‘bisl·n¹idnlli

56 1896 164 1960 nmo.
193 1906 312 1946 mecum
329 1897 426 1952 erunt,
449 1890 497 1959 qui
514 1887 653 1941 dubitent
676 1919 706 1928 -
735 1903 853 1947 onorem.
888 1891 935 1944 Sic
950 1889 1045 1960 Spald.
1067 1905 1105 1944 ex

54 1963 121 2014 'l'un
136 1965 217 2017 Flor.
236 1961 316 2026 vulg.
329 1959 510 2026 locatumque.
521 1965 667 2024 -pnrent
683 1957 769 2019 Goth,
786 1965 896 2025 paroni.
920 1960 984 2014 Non
998 1962 1106 2012 mirum

57 2033 157 2098 magis,
175 2029 258 2100 quod
279 2025 401 2080 &beliue
419 2027 455 2078 ad
471 2025 546 2078 Diei.
564 2027 600 2078 de
616 2027 707 2082 orate
731 2042 754 2080 e.
778 2029 824 2081 12.
847 2029 969 2081 coniecit
981 2027 1105 2096 pariant

59 2098 100 2150 Ne
119 2101 210 2152 risum
230 2103 349 2150 moveat
368 2095 560 2148 consideranti
577 2094 645 2163 quid
661 2097 712 2148 sit:
738 2093 806 2147 coeii
824 2095 932 2148 libertos
952 2095 1032 2166 parit
1046 2095 1107 2150 ans'2
1126 2111 1133 2130 ι

59 2181 144 2219 niune:
166 2173 287 2220 tacitum
302 2165 483 2218 acerborum
503 2165 676 2232 proprietate
694 2164 830 2216 aberrare
845 2167 970 2232 potuisse
983 2167 1108 2229 Quincti·

58 2236 180 2288 iianunrt
205 2235 352 2287 Nimirum
367 2247 466 2299 perere
484 2233 589 2298 passim
610 2232 724 2298 quidem
743 2239 788 2284 est
806 2233 882 2286 idem
901 2232 978 2318 quod
994 2233 1108 2302 sibipo-

61 2317 129 2368 eure,
147 2305 202 2358 sed
220 2307 267 2356 ita
282 2301 484 2370 usurpandum,
501 2310 533 2351 ut
548 2314 592 2351 ree
604 2315 677 2369 quae
689 2315 791 2369 parere
805 2303 872 2371 quid
884 2304 1030 2367 dicantur,
1042 2315 1109 2372 per-

62 2376 134 2424 sonis
152 2374 201 2426 vel
221 2371 335 2425 similes
353 2372 424 2431 sint,
442 2369 543 2422 veliis
566 2373 725 2437 comparari
750 2377 870 2439 queant,
892 2374 984 2436 sicut
999 2371 1109 2441 aliquid
1197 2435 1199 2440 .

64 2442 199 2494 commodi
219 2441 290 2494 inde
307 2441 336 2491 in
354 2438 432 2505 ipsos
451 2443 584 2491 auctores
604 2439 738 2500 exsistat:
752 2439 856 2491 veluti:
873 2437 982 2494 libertos
995 2439 1110 2509 publiea
1150 2482 1155 2493 ,

57 2507 215 2577 felicitatem
230 2505 317 2577 parit.
352 2509 403 2558 iiia
421 2508 496 2561 eninr
519 2521 601 2574 quam
623 2507 707 2560 modo
729 2513 1012 2563 commemoravimus
1035 2509 1109 2582 voiu-

60 2577 139 2641 piatis
156 2587 188 2632 et
206 2574 344 2632 conrmorb'
362 2576 543 2642 (πλεονεξίας)
564 2581 631 2626 nota
654 2577 806 2644 praecipua
831 2584 876 2630 ιιι
901 2585 931 2631 ιι
954 2572 1045 2630 veluti
1068 2580 1110 2629 in-
1163 2613 1168 2618 -

64 2648 157 2713 signis,
174 2663 232 2718 qua
246 2659 347 2715 parere
364 2644 514 2710 dignoscas
533 2657 550 2692 a
563 2655 684 2711 potore,·
702 2660 763 2695 cum
800 2660 838 2697 ua
856 2661 996 2699 errorum
1007 2653 1110 2698 natura
1202 2673 1206 2684 ι

64 2723 182 2834 cuffiam
201 2725 249 2769 est
268 2715 346 2766 notio
364 2713 495 2780 opposita
517 2710 668 2770 detrimenti
685 2661 834 2790 capiendi,
858 2717 884 2768 si
901 2715 978 2769 forto
995 2723 1110 2783 portum
1206 2729 1208 2738 ·

66 2795 98 2834 no
119 2785 142 2834 ἰ
159 2787 201 2836 eri
224 2787 312 2836 istor.

130 2854 156 2918 ξ.
175 2799 230 2906 2d.
266 2857 336 2903 certe
350 2846 492 2902 iucundus.
527 2845 655 2904 Frotscb.
668 2849 783 2900 inserit:
804 2847 835 2900 ut
847 2845 1034 2904 Demostheni:
1058 2853 1111 2904 sci-

66 2914 131 2970 licet
146 2917 221 2973 haec
238 2919 330 2972 verba
347 2919 427 2987 quasi
445 2916 563 2969 eliciens
580 2932 616 2970 ex
633 2921 710 2970 not-is
727 2917 794 2973 Cori.
814 2918 890 2976 Flor.
910 2922 940 2972 in
958 2937 1013 2990 quo
1032 2915 1111 2973 exbi·
1129 2967 1131 2984 ζ

66 2983 166 3040 bentur
181 2988 304 3043 haeccez
323 2985 378 3037 vim
396 2982 508 3037 demoni.
541 2985 624 3048 Quod
641 2987 708 3056 quid
725 2987 764 3037 sit
786 3002 871 3056 quum
889 2987 997 3042 frustra
1013 3005 1112 3042 seeum

69 3055 207 3120 agitasset
234 3056 383 3126 Spalding.
407 3054 522 3106 tandem
549 3053 652 3107 bonam
676 3056 786 3122 copiam
810 3052 946 3110 eiurante?
980 3057 1037 3110 Sed
1064 3059 1112 3110 cui

68 3122 156 3176 muita
171 3127 230 3180 iam
251 3125 339 3180 debet
360 3124 576 3186 quinctilianus,
593 3137 659 3176 mox
673 3126 759 3176 etiem
779 3123 860 3191 plura
876 3125 1006 3192 debebit,
1028 3125 1112 3178 Zum·
1199 3185 1202 3190 ,

71 3193 153 3307 ptius,
167 3196 217 3248 vei
233 3193 342 3264 aliquid
359 3192 405 3244 bic
422 3193 513 3243 latere
532 3197 624 3257 putet,
640 3192 720 3244 velut
737 3190 852 3245 iucunde
869 3193 989 3258 vivendi,
1007 3196 1055 3247 vel
1069 3197 1112 3246 ni-

90 3259 109 3309 il
127 3275 192 3316 esse
213 3265 269 3315 uisi
286 3255 362 3330 quod
377 3262 473 3312 statim
492 3259 568 3311 ini'ra
580 3275 611 3314 se
631 3261 709 3313 uitur
723 3260 837 3326 uidetur,
855 3278 874 3315 a
887 3264 1004 3315 librario
1022 3263 1112 3334 quali-

71 3339 176 3397 cunque
195 3331 232 3385 de
251 3345 353 3384 caussa
370 3330 582 3396 transpositum.
614 3277 859 3396 dintpiicissimum
879 3331 954 3400 quod
978 3333 1007 3382 in
1034 3349 1112 3388 ruen-

72 3399 127 3446 tem
144 3399 307 3454 incurreret
332 3399 479 3450 literarum
499 3397 600 3449 duetus
617 3399 992 3468 intuentibus,.praesettim
1009 3402 1112 3468 quales
1199 3408 1202 3417 “

73 3471 137 3516 sunt
151 3469 253 3523 Aimel.
270 3465 411 3529 uiderentur]
430 3467 510 3518 nobis
529 3481 561 3518 se
579 3466 696 3518 obtulit:
715 3465 829 3518 videndi·
841 3469 860 3524 i.·
879 3484 904 3524 e.
918 3467 1112 3536 prospiciendi.
1142 3479 1144 3486 '

75 3529 224 3589 et'r.int1·a
243 3537 338 3606 μῆ.
375 3536 413 3586 Et
430 3550 513 3603 quum
533 3542 707 3602 compertum
731 3534 902 3601 habeamus,
923 3535 979 3589 eirn
1002 3545 1032 3591 et
1047 3536 1112 3589 inde

74 3597 211 3656 interdum
231 3608 307 3658 inter
323 3620 355 3657 se
373 3609 546 3670 commutata
562 3619 637 3669 esse,
649 3605 741 3724 (plura
758 3602 841 3658 buius
852 3607 967 3674 generis
980 3607 1115 3675 exempla

77 3675 217 3737 ⁰⁰ogessit
233 3673 379 3727 Drakeub.
395 3674 432 3725 ad
451 3671 515 3724 lrivl
530 3672 570 3740 V,
582 3673 639 3737 20,
679 3678 698 3740 .)
719 3672 787 3741 quid
806 3674 914 3738 obstat,
938 3691 995 3744 quo
1018 3677 1113 3728 miuus

76 3737 267 3794 existimemus
285 3757 399 3802 sensum
416 3740 464 3793 vel
482 3742 629 3809 scriptoris
650 3743 697 3794 vei
712 3740 822 3806 librarii
846 3742 949 3795 fuisse:
982 3741 1045 3809 inde
1071 3742 1122 3795 iri-¹

78 3799 173 3858 denuit
190 3807 246 3863 Sed
259 3825 361 3864 vereor
372 3814 439 3872 iant,
454 3824 489 3861 ne
507 3811 582 3862 iusto
597 3811 739 3878 gravioris
753 3813 887 3864 momenti
902 3811 1114 3866 iecissevidear

77 3868 174 3927 incerti
194 3881 318 3932 auctoris
341 3879 521 3932 sententiam.
545 3906 579 3918 -
612 3875 664 3928 itta
682 3893 708 3945 q.
721 3876 792 3943 ipso.
827 3881 870 3931 lta
884 3877 1034 3948 Spaldex
1052 3897 1069 3934 o
1090 3889 1113 3937 t.

80 3941 158 4008 codd.
176 3945 258 4016 Vuig.
274 3946 395 4014 iitau'pea
408 3961 493 4013 qen-
503 3946 641 3998 delectant
656 3947 694 3998 ai.
712 3947 845 4000 delectent.
862 3947 942 4002 lens:
955 3898 1113 4006 'rurnnld

85 4033 116 4046 -·
148 4025 261 4067 oncant.
277 4017 314 4070 al.
333 4017 476 4075 adcensuit
495 4017 570 4084 turpi
589 4030 697 4068 errore.
731 4016 788 4072 Cir.
808 4017 878 4072 i’lin.
898 4018 969 4086 Epp.
985 4019 1040 4083 lli,
1062 4019 1115 4081 36,

84 4070 108 4126 l·
121 4083 156 4128 ‘ot
170 4082 191 4144 1,·
208 4084 257 4147 24,
277 4085 304 4138 3.
340 4087 414 4138 lens.
432 4089 462 4136 et
479 4093 600 4151 posterr.
626 4091 693 4136 ante
713 4084 774 4140 nid.
815 4086 886 4138 Erat
909 4085 971 4140 iere
994 4086 1115 4140 verbum

82 4141 201 4201 solemne
213 4150 323 4205 oroeurt'
335 4155 371 4206 do
384 4154 647 4221 iisquiquucunque
662 4167 763 4204 caussa
780 4155 990 4207 ameditatione
1001 4153 1125 4223 incepta'

84 4208 177 4272 abduci
191 4223 417 4302 sepetiebantur.
426 4221 491 4276 vid.
502 4222 667 4292 iuterprett.
679 4221 716 4274 ad
728 4221 780 4274 bi.
789 4251 822 4264 -
841 4222 968 4292 respexit.
986 4222 1034 4278 Sic
1045 4225 1117 4280 Tur.

882 4319 902 4380 5
