2808 4846
236 335 500 434 rnsr1r'vr'r.
529 369 663 420 ouer.
688 368 773 418 ura.
797 369 832 430 x.
859 368 946 428 cur.
969 368 992 418 1.
1038 427 1044 436 ¹
1088 349 1136 418 13

1261 409 1270 440 l

188 526 220 596 A
241 523 504 615 pbilosophorum
528 531 605 589 vero
625 519 764 590 lectione
783 536 820 590 ut
839 535 944 589 essent
960 508 1062 590 multa
1073 541 1132 590 noi
1150 538 1187 598 05

78 633 142 700 bis
156 633 315 722 petenda,
339 631 418 696 vitio
432 628 554 694 factum
569 638 620 691 est
635 624 914 712 alius-oratorum,
934 630 989 716 qui
1005 627 1135 716 quidem

79 736 159 802 illis
176 737 298 824 optima
311 735 360 798 sui
373 733 478 818 operis
492 743 585 816 parte
600 741 775 794 cesserunt.
825 726 913 794 Nam
929 729 1016 810 etde
1031 731 1135 810 iustis,

79 841 246 920 honestis,
260 834 401 916 utilibns3
423 855 565 921 quaeque
580 845 653 898 sunt
665 833 737 896 istis
751 833 921 909 contraria,
937 832 1022 897 etde
1038 830 1135 923 rebus

82 943 213 1008 divinis
226 937 400 1026 magnifice
416 936 525 1004 dicunt
541 947 573 999 et
589 947 849 1021 argumentantur
872 937 1004 1001 acriter:
1029 948 1062 1026 et
1085 933 1134 1000 al·

82 1042 321 1112 terrationibus
350 1055 444 1127 atque
475 1034 777 1124 interrogationibus
805 1052 965 1103 oratorem
995 1039 1135 1103 futurum

86 1150 220 1234 optime
239 1145 396 1210 Socratici
416 1145 621 1228 praeparent.
671 1138 739 1204 Sed
760 1137 811 1240 lp's
833 1161 956 1227 quoque
979 1137 1135 1206 adhiben-
1151 1148 1201 1232 86ν
1237 1161 1241 1172 “

87 1253 173 1315 dum
186 1263 243 1314 'est
266 1238 372 1339 simile
394 1244 564 1325 iudicium,
589 1253 625 1306 ut
646 1245 744 1338 etiam
758 1264 853 1329 quum
867 1245 902 1308 in
916 1240 1011 1309 rebus
1025 1265 1135 1310 verso·

85 1377 167 1420 mur
186 1352 319 1429 iisdem,
341 1362 535 1416 nontamen
558 1345 695 1410 eandem
717 1367 791 1410 csse
813 1346 1028 1412 conditionem
1050 1349 1137 1412 scie·

85 1479 167 1523 rnns
188 1453 292 1520 litium
313 1475 352 1518 ac
374 1451 640 1539 disputationum,
663 1449 736 1514 'fori
758 1462 790 1514 et
813 1449 980 1532 auditorii,
1002 1471 1137 1536 praece·

86 1553 512 1654 pteromctpericulorum:
1067 1557 1077 1638 ι’

197 1661 259 1728 IV.
284 1657 391 1725 Credo
413 1669 584 1723 exacturos
600 1652 786 1744 plerosque,
811 1677 906 1744 quum
922 1669 1045 1736 tantum
1062 1677 1136 1723 esse
1152 1667 1188 1726 37
1206 1669 1217 1682 “

87 1763 243 1831 utilitatis
264 1765 299 1829 in
312 1760 453 1850 legendo
465 1760 662 1840 iudicemus,
686 1773 721 1823 nt
733 1758 768 1850 id
784 1779 907 1847 quoque
925 1760 1138 1848 adiungamus

91 1871 199 1954 operi,
224 1869 278 1956 qui
295 1869 364 1932 “sint
373 1862 516 1953 legendi,
538 1864 666 1950 quaein
683 1875 810 1926 anctore
827 1884 949 1950 quoque
963 1845 1139 1950 praecipua

86 1975 209 2038 virtus.
234 1969 301 2034 Sed
314 1968 464 2061 persequi
476 1963 619 2053 singulos
632 1963 750 2029 infiniti
763 1964 997 2058 fueritoperis.
1009 1964 1137 2054 Quippe
1152 1979 1190 2035 38

93 2096 196 2162 quum
214 2075 250 2137 in
265 2071 364 2137 Bruto
377 2069 424 2136 M.
441 2067 568 2135 Tullius
581 2081 628 2132 tot
641 2065 783 2131 millibus
797 2088 945 2138 versuum
961 2069 1001 2134 de
1016 2069 1138 2136 Roma·

97 2180 152 2241 nis
174 2190 296 2250 tannim
317 2170 495 2240 oratoribus
515 2169 662 2258 loquettu
682 2183 715 2235 et
735 2183 844 2237 tamen
858 2172 898 2236 dc
921 2171 1068 2238 omnibus
1082 2195 1139 2238 ae·

100 2280 178 2344 tatis
196 2301 292 2359 suae,
316 2277 330 2361 (
336 2275 522 2364 quibuscum
542 2271 690 2362 vivebat)
714 2277 860 2361 exceptis
880 2273 1020 2342 Caesare
1044 2291 1139 2364 atque
1182 2331 1184 2338 .
1315 2354 1318 2362 Ι

96 2381 272 2466 Marcellp‚'
294 2379 456 2445 silentium
472 2379 590 2464 egerit:
616 2379 687 2462 quir
702 2378 763 2440 erit
777 2378 903 2460 modus,
927 2377 1091 2446 sietillos
1107 2392 1173 2444 et¹
1229 2389 1230 2394 ’
1285 2431 1290 2439 ,
1390 2383 1396 2392 ”

95 2487 154 2573 qui
166 2497 280 2572 postes
293 2483 420 2548 fuerunt
435 2493 468 2546 et
482 2479 624 2545 Graecos
638 2499 751 2543 omnes
770 2467 803 2544 et
814 2477 1042 2570 philosophos?
1067 2482 1142 2548 Fuit
1157 2494 1193 2552 ³9

1201 2229 1212 2264 >
1302 2221 1305 2228 .

171 2663 198 2732 5.
219 2661 269 2716 35.
288 2659 358 2714 aliar
380 2667 482 2713 orator.
502 2657 542 2712 al.
560 2655 625 2710 clio.
638 2653 695 2726 4δι).
715 2671 752 2710 ex
772 2657 846 2712 coci.
865 2658 959 2729 Vulgo
973 2661 1069 2715 omisa.
1085 2657 1159 2716 No·'
1227 2679 1229 2686 ·
1316 2673 1322 2684 ’

99 2738 190 2786 strum
208 2746 244 2784 ex
267 2731 399 2792 auctorit.
419 2745 503 2782 oonn.
522 2727 602 2781 codd.
629 2732 659 2778 et
679 2725 759 2778 editt.
779 2732 846 2781 unte
862 2727 955 2781 Basil.
970 2761 1006 2772 —
1023 2727 1142 2794 utilibus,

103 2815 225 2867 quaeque
245 2807 306 2860 runt
318 2797 377 2851 istis
392 2795 538 2851 cermeria.
550 2793 587 2848 al.
599 2792 685 2861 iisque
697 2810 766 2860 quae
777 2810 800 2850 r.
818 2794 839 2848 ι’.
854 2813 878 2850 c.
899 2795 945 2866 Sp.
962 2798 1000 2850 ul.
1013 2813 1070 2854 oni.
1081 2797 1141 2852 t'ttr'r

102 2879 134 2924 et
146 2870 336 2922 substituunt:
354 2865 414 2928 tiu
431 2865 470 2918 al.
479 2863 541 2932 iirq.
557 2862 695 2932 quaeriue
709 2879 734 2915 e.
1061 2886 1067 2906 ι

172 2957 200 3021 §-
219 2951 269 3006 37.
286 2950 335 3019 qui
353 2950 409 3004 siut
420 2949 535 3020 legendi.
553 2951 590 3004 ul.
604 2946 652 3015 qui
668 2947 725 3000 siut
741 2964 796 3002 om.
809 2948 930 3018 legendi,
948 2955 1047 3020 utpote
1065 2951 1141 3022 quod
1205 3002 1210 3017 ,

101 3023 143 3075 sit
158 3024 336 3090 glossatoris.
355 3021 402 3088 Sp.
429 3019 458 3072 iu
477 3028 586 3072 auctore
603 3033 715 3086 quoquc.
731 3019 768 3068 al.
782 3019 881 3070 ordine
896 3021 1057 3074 immutato:
1076 3037 1142 3088 quo·

102 3107 156 3159 quc
177 3105 205 3141 u.
224 3089 272 3157 sp.
307 3089 364 3143 seu
388 3091 478 3141 totum
504 3090 597 3142 locum
621 3087 779 3139 accuratius
804 3079 995 3140 consideranti
1017 3092 1142 3158 suspicio
1243 3117 1246 3127 =

103 3157 175 3212 mibi
200 3161 301 3225 sponte
321 3156 423 3211 exorta
442 3162 501 3220 est,
523 3171 588 3210 nurn
603 3171 671 3208 vera
688 3155 774 3207 lectio
787 3157 942 3226 antiquitus
956 3157 1043 3210 fucrit
1056 3157 1142 3213 bueo:

103 3224 155 3296 qui
168 3225 225 3280 tint
238 3234 374 3290 euclem,
394 3241 463 3294 quac
474 3223 503 3276 iu
514 3239 618 3291 quoquc
631 3221 756 3295 praecipu.
768 3221 831 3274 virt.
1019 3245 1021 3252 ⁴

176 3315 204 3382 ξ.
225 3311 275 3366 38.
294 3311 326 3362 de
342 3308 462 3363 omnibus
474 3308 580 3361 ‘uelutis
591 3323 671 3372 tuac,
689 3306 845 3374 quibuscum
856 3305 968 3360 virebat.
989 3309 1033 3362 lta
1045 3306 1142 3378 Spald.

102 3381 284 3450 improbante
294 3378 423 3432 Frotsch.
437 3379 484 3447 qui
500 3381 608 3448 respuit
619 3377 720 3429 rerba:
738 3375 808 3442 quib.
821 3375 884 3439 ritu,
898 3375 1066 3445 glossatoris
1080 3394 1144 3432 cen-

103 3465 175 3504 sens
199 3463 270 3518 quae
287 3449 421 3516 leguntur
433 3447 462 3498 in
481 3446 543 3498 eod.
556 3447 653 3499 Turic.
667 3444 781 3512 quidque
792 3443 966 3506 conticuebitr
984 3445 1056 3499 baec
1067 3449 1144 3510 enim

102 3519 178 3572 nihil
195 3516 272 3570 aliud
291 3532 356 3570 esse
372 3518 440 3568 nisi:
458 3514 573 3582 quidque
591 3513 761 3576 recucurrit,
780 3513 868 3567 verba
881 3515 1173 3584 scilieetudscriptu'¹
1195 3573 1197 3582 p
1231 3535 1239 3546 ·
1329 3517 1337 3528 '

105 3589 143 3640 ab
165 3583 321 3652 interprete
346 3585 397 3638 ad:
422 3581 556 3636 silentium
574 3581 718 3652 egerit-
737 3581 859 3647 Verum,
882 3584 907 3635 si
927 3583 994 3652 quid
1014 3591 1092 3636 recte
1105 3588 1145 3636 vi-

89 3652 92 3659 ’
105 3657 214 3718 domm,
230 3655 319 3708 rerba
336 3652 470 3704 silentium
482 3652 569 3722 egerit
579 3653 630 3705 tali
640 3653 893 3718 interpretamento
909 3652 1015 3704 nullam
1028 3653 1149 3720 prorsus

105 3725 286 3778 occasionem
305 3723 460 3784 dederunt3
484 3723 579 3789 potius
599 3719 665 3789 quid
685 3709 743 3770 tint
760 3717 855 3770 aeteus
872 3735 938 3771 cuae
954 3719 1144 3788 explicatione
1258 3733 1263 3738 ·

105 3795 225 3862 dignum
246 3793 410 3844 existimare
434 3792 574 3858 potuerit,
597 3791 642 3840 cui
664 3787 833 3854 explanandi
852 3804 924 3857 quae
945 3789 1146 3856 planaesscet,

102 3863 248 3932 pruritum
274 3861 363 3913 fuisse
380 3867 529 3926 ponamus.
570 3856 685 3917 Sedne
707 3852 737 3906 id
755 3855 868 3924 quidem
883 3859 1077 3924 argumentari
1094 3873 1147 3910 ne-

108 3944 193 3984 cesse
214 3934 273 3993 est;
293 3930 346 3995 ipsi
367 3927 457 4000 ¹codd.
480 3934 510 3979 et
528 3927 624 3978 Turio.
646 3932 676 3978 et
691 3923 817 3976 Floreat.
837 3927 964 3994 'vestigia
983 3926 1146 3991 ostenduet,
1211 3951 1223 3972 ι

106 3999 212 4068 quibus
229 3998 393 4048 insistentes
412 3996 602 4048 coniecturam
621 3993 716 4046 facere
738 3992 888 4056 audemus,
908 3996 1041 4062 seriptum
1056 3995 1145 4048 fuisse
1209 4019 1211 4027 ¹

104 4084 126 4120 a
142 4069 232 4134 prima
247 4081 344 4116 manu:
361 4063 506 4132 quibusque
522 4061 564 4114 uti
579 4067 726 4122 corruerat.
763 4059 817 4112 Alii
828 4060 885 4112 alia
897 4067 1055 4126 tentarunt,
1072 4079 1146 4134 quae

105 4149 261 4188 recensere
275 4134 362 4200 piget.
377 4163 410 4174 -
424 4141 450 4184 et
461 4129 652 4199 philosophum
675 4130 712 4184 al.
729 4129 850 4182 addunt:
875 4133 1004 4199 elpoi'lar
1021 4129 1148 4201 persequi
1195 4152 1222 4190 s

106 4203 198 4268 velius.
234 4201 663 4268 Simpliciter-al.persequemur.
853 4256 858 4260 ,
1083 4215 1089 4232 .

178 4273 205 4340 ᾖ.
225 4271 276 4325 39.
287 4269 356 4342 fuit.
368 4272 405 4323 al.
414 4269 512 4342 ficcrit.
525 4297 558 4314 «-
571 4285 639 4338 quae
654 4265 751 4322 cctr'al.
767 4279 821 4322 om.
834 4273 880 4318 ert.
